2664 4816
513 390 520 405 '
543 392 797 458 P'RAEFATIO.
952 417 962 434 ⁸
1115 399 1194 464 xxix

145 516 244 570 Senem
255 517 335 569 Herc.
348 517 412 569 Fur.
425 532 493 586 ²¹92
504 528 621 589 tempora
632 527 659 570 et
670 519 767 570 moenia
778 518 892 572 Horatio
904 520 961 574 Art.
974 524 1045 575 Poet.
1061 523 1107 591 141
1118 564 1127 593 ,
1138 543 1194 578 san·

141 610 236 682 quim
248 618 276 662 et
288 608 364 664 litore
374 606 419 664 Sil.
431 606 517 664 italic.
530 612 564 680 V,
578 628 639 682 ²7¹·
652 609 728 665 idem
741 615 781 679 Χ,
798 613 866 681 133,
877 611 913 668 de
924 612 1093 684 Hannibale,

328 719 359 764 ui
367 717 433 766 letho
441 718 573 766 detenneta
581 720 670 777 virum,
676 720 808 784 jungatque
816 722 909 783 parenti
1008 767 1017 781 ,

327 802 446 864 Corpora,
456 814 480 849 et
488 801 579 849 excidat
588 804 685 850 miseros
693 819 747 850 enm
757 806 829 866 stirpe
837 817 948 868 penetesz

139 912 176 964 ita
186 910 217 965 in
232 908 379 980 emmens,
395 912 505 986 opinor,
519 908 634 986 legitor:
651 929 747 967 sensus
761 929 828 967 vero
845 923 872 966 et
890 913 1030 989 oppositio
1045 911 1127 990 plane
1144 933 1194 992 po-

138 1000 260 1072 stulant,
274 1006 426 1077 junpatque
441 1005 546 1076 parenti
563 1007 676 1079 pignora
687 1043 696 1071 ,
715 1001 746 1058 i'd
765 1016 823 1074 est„
844 1016 925 1059 natos.
946 1006 1122 1083 Propertius,
1143 1011 1193 1077 tv,

136 1093 212 1172 eleg.
230 1099 264 1167 4,
279 1099 315 1170 67
331 1096 366 1153 de
379 1100 510 1174 Tarpeia:

329 1206 403 1263 Dixit,
415 1218 438 1253 et
447 1207 535 1254 incerto
543 1207 649 1269 permisit
657 1205 751 1252 brachie
761 1220 857 1252 temno:

136 1307 175 1360 ite
187 1301 274 1380 vulgo
288 1302 396 1381 legitur.
409 1304 461 1361 Sed
475 1325 511 1361 an
523 1303 623 1380 aliquis
636 1323 760 1380 unquam
772 1302 904 1359 intellexit
917 1302 987 1381 quid
998 1306 1033 1360 sit
1044 1308 1194 1378 permittere

137 1395 246 1450 erachia
262 1399 373 1452 somno?
387 1408 460 1453 certe
475 1395 622 1473 legentium
639 1395 682 1452 vel
701 1397 803 1451 Iumina
811 1439 821 1467 ,
838 1395 898 1467 vel,
914 1395 992 1473 quod
1005 1399 1121 1474 propius
1135 1411 1193 1469 est,

133 1500 242 1559 pectora
250 1514 261 1554 ‚·
275 1500 306 1544 ut
318 1488 393 1564 apud
408 1493 541 1544 Nostrum
553 1487 626 1565 Sylv.
639 1493 690 1557 ΙΙΙ,
705 1508 736 1557 2,
752 1491 804 1543 82:
823 1507 915 1564 «quos
927 1507 1004 1545 nunc
1018 1508 1069 1563 ego
1083 1501 1192 1566 pectore

136 1600 252 1637 somnos
259 1623 268 1651 ,
284 1585 396 1652 Quosve
407 1600 507 1658 queam
519 1580 642 1658 perferre
654 1580 750 1637 dies?-
768 1585 806 1636 lta
818 1578 893 1657 apud
905 1579 1037 1637 Rutilium
1048 1584 1193 1638 Numeria-

135 1695 208 1731 num
219 1678 344 1732 itinerar.
356 1683 382 1741 1,
399 1696 453 1749 229
467 1689 494 1730 et
508 1695 548 1753 sq.

326 1788 437 1835 Praeeidet
446 1789 522 1850 exigui
532 1787 646 1834 formatur
655 1786 754 1847 imagine
764 1788 812 1833 taxi

356 1868 402 1930 Qui
411 1866 522 1930 pastorali
531 1867 623 1913 nomina
633 1866 711 1912 fronte
721 1867 779 1929 gerit
788 1883 794 1911 z

135 1967 264 2044 loquitur
276 1968 311 2024 de
324 1973 421 2023 Castro
435 1970 515 2037 Inui,
531 1965 635 2044 oppido
648 1968 678 2020 in
692 1965 785 2031 ltalia;
802 1970 882 2040 cujus
897 1966 993 2043 oppidi
1006 1979 1117 2042 prestes
1134 1982 1193 2025 erat

136 2064 241 2130 Inuus,
255 2058 328 2115 idem
345 2063 393 2136 qui
412 2065 466 2114 Pan
476 2083 482 2112 ι
494 2063 552 2134 jam
569 2056 718 2135 veroquid
734 2069 776 2111 est
798 2076 913 2133 agerere
930 2060 1043 2114 nomina
1062 2061 1191 2136 pastorali

135 2153 270 2211 fiuntc?-
286 2159 374 2228 Lege:

389 2265 435 2325 Qui
444 2264 555 2327 pastorali
564 2280 653 2311 cornua
662 2265 740 2311 iroute
749 2267 823 2328 gerit:

135 2385 177 2436 ita
191 2383 265 2436 enim
282 2381 437 2458 fingebatur
448 2390 503 2438 Pan
520 2383 563 2438 vel
579 2388 663 2440 innus
676 2408 681 2436 ι
696 2384 817 2439 Macrob.
834 2381 969 2439 saturnal.
987 2389 1014 2454 l,
1031 2404 1080 2439 22:
1097 2390 1191 2463 «Ergo

136 2475 201 2530 Inui
210 2493 312 2529 cornua
322 2474 581 2551 barbaqueprolixa
589 2475 719 2530 demissio
726 2487 853 2530 naturam
863 2474 932 2530 lucis
940 2476 1104 2545 ostendunt,
1115 2489 1164 2532 etc.
1175 2503 1186 2528 ι

135 2569 248 2624 Nemini
263 2568 381 2623 dubium
393 2589 451 2624 esse
463 2581 567 2645 potest,
583 2570 651 2645 quin
668 2571 704 2623 ita
720 2571 860 2644 scripserit
874 2567 1012 2623 Rutilius:
1032 2582 1060 2625 et
1078 2573 1100 2625 ei
1116 2571 1189 2625 istud

136 2671 238 2720 Poema
250 2664 375 2720 editurus
388 2683 491 2734 essem,
504 2666 561 2719 sine
575 2664 744 2719 hesitatione
757 2666 784 2717 in
797 2670 963 2719 Contentum
975 2666 1124 2740 reciperem
1137 2686 1191 2721 cor-

136 2780 193 2812 nua
206 2778 258 2835 pro
270 2762 385 2813 nomina.
399 2763 441 2816 Sic
454 2775 568 2831 tempora
581 2772 606 2813 et
620 2779 728 2813 munera
741 2769 946 2814 commutantur
955 2758 1048 2813 Manil.
1063 2765 1107 2828 lv,
1122 2762 1189 2831 205,

136 2856 248 2906 nomina
263 2865 290 2907 et
305 2857 413 2925 proemia
428 2854 508 2911 ovid.
524 2859 594 2908 Fast.
608 2858 642 2921 V,
658 2854 726 2920 205,
741 2856 843 2926 qurqite
857 2865 883 2906 et
899 2854 972 2906 litore
990 2852 1143 2908 Claudiano
1161 2857 1188 2908 in

135 2946 229 3002 Rullo.
243 2952 267 3015 1,
283 2950 347 3015 186,
360 2952 447 3002 omine
456 2961 483 3002 et
493 2959 595 3022 pectore
605 2945 711 3002 Catullo
722 2947 755 3001 de
765 2951 847 3022 Nupt.
858 2946 911 3001 Pel.
923 2960 949 3001 et
958 2947 1037 3002 Tbet.
1051 2947 1187 3002 adfinem.

135 3041 228 3095 Valer.
242 3038 327 3095 Flacc.
341 3046 379 3110 Π,
393 3044 463 3110 3α4ι

451 3180 455 3189 ,
467 3178 473 3187 .
483 3177 488 3188 .
500 3145 592 3189 ‚Venus
602 3145 650 3204 ipsa
660 3142 739 3188 volens
749 3143 787 3188 ‹lnt
797 3155 902 3202 tempora
909 3142 989 3203 Jungi,

325 3216 385 3258 Dum
396 3216 457 3260 viret
465 3226 547 3271 utero,
557 3227 707 3276 maternaque
717 3213 801 3259 sufficit
810 3226 875 3258 oetas:

135 3329 173 3383 tle
191 3330 328 3382 conrrubiis
339 3326 480 3404 loquitur;
496 3327 570 3382 unde
586 3339 659 3404 patet
675 3345 738 3381 eum
755 3327 910 3402 scripsisse,
928 3328 974 3377 dat
981 3328 1082 3399 foedera
1090 3331 1172 3403 junqi
1181 3356 1187 3382 ,-

135 3426 218 3498 cujus
234 3421 364 3498 phraseos
378 3424 442 3478 vide
454 3422 577 3499 exempla
591 3423 666 3500 apud
680 3421 720 3477 Cl.
734 3427 922 3476 Burmannum
935 3421 970 3475 ad
982 3421 1062 3476 ovid.
1078 3427 1188 3478 Metam.

135 3523 204 3587 vn,
222 3521 294 3588 403,
310 3530 338 3573 et
352 3518 456 3594 ubique
469 3521 596 3572 occurrit.
615 3524 724 3573 Possem
737 3517 803 3586 tihi,
820 3518 903 3573 eredo
919 3519 984 3589 (nec
999 3535 1030 3569 ex
1043 3519 1129 3571 Poetis
1145 3539 1190 3572 so-

135 3614 225 3685 lnm),
242 3612 444 3690 quadringenta
461 3613 619 3688 hujusmodi
638 3614 820 3667 mutationum
835 3611 958 3687 exempla
975 3610 1115 3687 proferre:
1133 3613 1190 3668 lraec

136 3725 226 3783 pauca
237 3705 353 3775 adduxi,
364 3726 400 3761 ne
409 3709 528 3761 nimium
539 3709 646 3761 mireris
656 3707 768 3783 quando
780 3709 809 3760 in
820 3711 952 3761 Contextu
965 3704 1047 3779 hujus
1057 3705 1190 3761 Editionis

136 3795 236 3873 legeris
249 3818 358 3851 munera
370 3818 421 3874 pro
435 3798 557 3874 eoquod
571 3810 628 3852 erat
644 3799 768 3866 vulnera,
782 3799 855 3874 Epic.
870 3803 939 3852 Patr.
957 3797 1008 3865 45,
1023 3795 1066 3852 vel
1081 3819 1190 3853 munera

135 3908 189 3964 pro
207 3892 326 3942 cannino
344 3890 455 3967 Epiced.
477 3898 552 3946 Puer.
574 3894 621 3960 14,
637 3890 681 3946 vel
699 3893 807 3945 vulnera
823 3910 875 3967 pro
889 3892 989 3965 funera
1008 3891 1073 3946 ibid.
1093 3895 1145 3960 46,
1164 3905 1189 3946 et

137 3982 298 4056 hujusmodi
312 3983 453 4038 nonnulla.
468 3984 520 4038 Ubi
534 3986 607 4037 enirn
620 4003 662 4038 res
674 3996 731 4038 erat
743 3982 894 4038 manifestae
905 3985 1027 4038 veritatis
1038 3995 1064 4039 et
1077 4003 1190 4040 summae
