2664 4816
232 388 253 465 4
486 379 724 471 netsuott
750 382 786 444 r.
812 380 849 444 r.
875 377 1030 446 snitu

196 530 212 582 5
231 522 450 601 congregatos
463 510 536 599 ipse
546 505 762 575 dimitterem.
775 504 866 592 Quid
878 508 1007 572 enim?.
1020 558 1027 573 .
1039 557 1067 572 ..
1082 530 1223 602 quoque
1232 532 1291 578 au-

232 621 385 687 ctoritate
407 615 562 683 editionis
586 616 740 696 onerari,
765 637 872 707 quum
895 613 1008 682 adhue
1029 639 1093 707 pro
1112 615 1289 687 Thebaide

231 755 307 799 mea
317 731 488 825 (quamvis
500 751 555 794 me
566 726 755 821 reliquerit)
766 727 890 794 timeo?
906 724 970 795 Sed
988 742 1022 795 et
1037 726 1189 795 Culicem
1205 727 1288 823 legi·

229 865 324 924 mus,
345 855 378 906 et
398 834 813 929 Batrachomyomachiam
833 838 935 904 etiam
953 838 1168 928 agnoscimus
1188 863 1196 903 :
1223 862 1288 906 nec

229 954 409 1048 quisquam
423 965 475 1017 est
488 948 670 1015 illustrium
682 962 879 1040 poetarum,
897 949 956 1042 qui
973 970 1044 1015 non
1060 946 1190 1042 aliquid
1205 972 1285 1042 ope-

178 1093 210 1130 ro
228 1063 322 1132 ribus
342 1063 414 1129 suis
433 1059 509 1128 stilo
528 1061 719 1127 remissiore
739 1058 942 1151 praeluserit.
967 1058 1079 1146 Quid?
1100 1059 1195 1154 quod
1212 1059 1285 1129 haec

228 1198 343 1243 serum
356 1187 428 1241 erat
440 1173 628 1252 continere,
640 1194 747 1264 quum
759 1169 816 1237 illa
829 1192 887 1236 vos
900 1184 990 1236 certe
1003 1192 1151 1263 quorum
1161 1168 1284 1238 honori

229 1285 308 1353 data
324 1298 422 1366 sunt,
438 1281 617 1349 haberetis.
641 1280 703 1348 Sed
719 1279 811 1374 apud
828 1296 956 1348 ceteros
973 1304 1112 1348 necesse
1129 1297 1181 1348 est
1197 1279 1283 1349 mul-

227 1412 303 1462 tum
318 1392 384 1461 illis
399 1408 517 1486 pereat
528 1394 695 1474 exvenia,
713 1415 820 1486 quum
839 1393 1030 1474 amiserint,
1051 1415 1155 1484 quam
1175 1391 1283 1460 solam

226 1503 437 1588 hahuerunt,
455 1505 595 1598 gratiam
611 1502 811 1570 celeritatis:
829 1501 964 1569 nullum
983 1503 1074 1568 enim
1089 1526 1131 1571 ex
1146 1500 1214 1571 illis
1232 1502 1281 1571 bi·

176 1632 208 1687 15
228 1610 1280 1708 duolongiustractum;quaedametinsingulisdiebuseffusa:

226 1789 311 1841 stituit
320 1787 477 1865 fluxerunt,
498 1787 570 1859 quod
589 1787 685 1859 legitur
702 1789 730 1840 in
812 1788 837 1840 8.
855 1785 1185 1859 Batrachomyomaelu'am
1201 1787 1282 1840 etiam

225 1865 311 1919 Codd.
328 1869 403 1918 Uret.
418 1867 499 1918 Paris.
519 1879 546 1919 et
560 1865 623 1918 edit.
643 1867 728 1938 princ.
775 1869 946 1941 aquoscimus.
959 1867 1008 1920 Ed.
1018 1870 1105 1941 princ.
1118 1869 1283 1921 batrueoma-

224 1948 310 1998 Parin.
323 1947 426 1997 Vicent.
437 1946 513 1997 Unus
524 1944 676 1997 Gronovius
690 1963 730 1997 se·
775 1947 872 2000 chiam.
882 1950 967 2020 Heyn.
977 1950 1005 2000 in
1014 1948 1147 2020 prooemio
1159 1946 1194 1999 ad
1207 1946 1282 2002 culi-

225 2037 304 2078 cutus
322 2036 369 2076 est.
392 2025 466 2094 sepe
484 2042 548 2075 vero
566 2024 730 2094 grammatici
775 2046 847 2093 cem,
857 2030 962 2094 nescio,
972 2047 1007 2080 an
1016 2028 1050 2081 de
1060 2028 1207 2095 industria,
1219 2032 1283 2082 scri·

224 2116 362 2157 mutarunt
373 2104 524 2174 perfectum
536 2100 610 2173 quod
621 2104 674 2153 vim
684 2101 731 2154 ha·
774 2107 1017 2179 psitcoqnosct'mus.
1026 2109 1060 2160 Ν.
1066 2108 1158 2158 Heius.
1167 2109 1283 2177 conjecit

223 2182 272 2235 het
280 2183 371 2234 ao'risti
379 2181 472 2234 Graeci.
483 2183 570 2231 Burm.
583 2182 661 2232 etiam
671 2200 730 2233 con
774 2184 1078 2255 Batrachomyomaeltioe
1107 2184 1283 2259 iqnoximm

223 2261 291 2313 rexit
298 2260 466 2337 effluxerunt.
477 2259 519 2311 Sic
532 2259 620 2311 Hand.
633 2263 680 2331 qui
692 2279 730 2313 re·
775 2262 821 2316 sed
835 2282 980 2334 agnoscere
998 2262 1052 2315 hoc
1069 2262 1133 2314 loco
1149 2264 1283 2334 significat

224 2341 450 2415 cepitfluxerunt.
465 2337 671 2390 -Prodiitsent
689 2341 738 2391 De·
773 2343 902 2415 probare,
924 2362 979 2396 non
998 2341 1202 2414 reprehendere.
1219 2346 1283 2398 Bar·

222 2421 283 2472 sinu
296 2435 353 2470 meo
370 2436 442 2489 pro..
452 2457 472 2468 ..
492 2431 674 2493 congreqotou
684 2421 729 2471 ita
774 2421 846 2474 thius
855 2424 883 2473 in
891 2421 997 2474 ineditis
1008 2422 1119 2487 notovit,
1129 2439 1189 2473 voc.
1200 2423 1283 2476 etiam

223 2501 324 2565 Parm,
338 2496 490 2569 suppletum
503 2499 530 2547 in
541 2500 660 2567 margine
670 2516 729 2571 pro·
742 2551 753 2570 K
773 2499 1281 2572 nonfuisseinCodMerseburgflAttn.

223 2578 348 2631 diiueut:
368 2590 395 2628 et
411 2596 489 2629 mox:
509 2577 575 2649 quid
589 2579 658 2628 enim
663 2615 726 2631 .....
813 2597 852 2633 10.
869 2581 917 2651 Op.
928 2581 987 2632 suis.
998 2581 1067 2651 Lege
1079 2598 1121 2651 op.
1132 2578 1214 2632 seriis.

223 2676 330 2731 quoque
340 2657 509 2724 auctoritate,
521 2656 674 2728 suppletum
686 2676 729 2710 ea·
813 2677 854 2711 ιι.
872 2660 960 2729 Quum
975 2657 1024 2710 itta
1040 2675 1084 2711 vos
1099 2669 1174 2710 certe.
1190 2658 1282 2712 Editio

224 2736 286 2788 dem
292 2755 384 2787 manu:
395 2737 729 2809 oportetltujusquoqueau-
773 2742 894 2791 Romana
908 2757 958 2810 pro
972 2756 1070 2809 quum,
1084 2736 1167 2790 hahet
1181 2757 1282 2811 quom,-

223 2815 349 2866 cton'tate.
367 2813 465 2866 Eadem
482 2814 577 2867 lacuna
593 2817 620 2868 in
634 2817 726 2868 Venet.
774 2816 880 2889 reliquae
893 2835 962 2868 oum.
977 2818 1059 2868 Htttn.

224 2893 303 2964 vulg.
312 2894 383 2964 Quid
390 2896 459 2945 euim
470 2905 572 2966 oportet
580 2895 728 2967 lrujmquo·
813 2897 852 2950 13.
871 2894 963 2947 Solam
977 2893 1120 2946 habuerint.
1138 2892 1180 2946 Sic
1191 2894 1281 2949 Hand.

223 2973 361 3043 que-ln
373 2971 458 3025 Codd.
474 2973 592 3039 Uratisl.,
605 2973 683 3025 Dralt.
702 2987 728 3027 et
774 2977 821 3046 qui
838 2973 916 3025 haec:
938 2975 1040 3026 restitui
1056 2972 1201 3026 lectionem
1220 2992 1281 3028 otn-

222 3054 303 3104 Poris.
311 3052 405 3122 legitur
410 3051 564 3123 prodiissent
569 3052 661 3114 ;Lind.
670 3056 727 3107 scri·
773 3052 941 3119 nium,Codd.
951 3067 976 3105 et
987 3050 1048 3103 edd.
1057 3053 1283 3122 anttGeuartius,

222 3135 276 3205 psit
283 3133 434 3203 producent.
442 3133 529 3185 Verba
540 3145 641 3204 oportet
651 3134 728 3207 hujro
772 3154 828 3187 non
839 3135 967 3186 librorum
982 3134 1155 3200 auctoritate,
1168 3133 1218 3186 sed
1231 3154 1282 3188 sua

222 3211 348 3282 leguntur
365 3213 392 3262 in
408 3210 492 3264 Codd.
509 3216 583 3264 Urat.
601 3211 682 3264 Dralt.
701 3228 727 3266 et
773 3225 868 3284 sponte
885 3211 968 3264 edidit
980 3211 1144 3276 habuerunt,
1165 3211 1240 3283 quod
1253 3215 1282 3267 in

221 3292 318 3356 Paris,
334 3303 360 3342 et
377 3291 404 3341 in
419 3290 460 3342 ed.
477 3294 580 3344 Vicent.
597 3312 655 3363 qute
672 3312 726 3345 non
772 3292 889 3345 Gronov.
900 3306 926 3346 et
938 3291 1032 3343 Marlrl.
1048 3292 1158 3343 transiit.
1169 3293 1282 3345 Utrum-

222 3382 342 3421 correcta
358 3383 397 3422 est
415 3370 448 3421 ad
466 3371 614 3443 exemplum
629 3373 727 3423 Roma·
774 3389 838 3442 que,
861 3373 882 3421 si
902 3370 937 3421 ad
954 3370 1126 3441 grammatica
1144 3385 1281 3442 precepta

220 3467 294 3516 num.
303 3448 344 3500 Sic
353 3449 486 3517 llandius,
494 3451 539 3522 qui
548 3452 637 3521 etipse
645 3448 727 3502 habet
772 3452 955 3516 revocaveris,
976 3449 1122 3521 probatum
1145 3451 1262 3523 accipiet
1273 3474 1280 3504 ε

221 3539 319 3600 oportet
331 3529 531 3602 hujusquoque‚
541 3528 657 3582 ete.Vid.
669 3545 725 3582 not.
773 3532 812 3582 sin
826 3549 931 3583 sensum
947 3543 973 3582 et
986 3529 1087 3601 reliqua
1099 3529 1180 3582 verba
1194 3550 1283 3605 respe-

256 3608 281 3660 6.
304 3610 390 3679 Quum
401 3609 495 3663 adhuc.
505 3609 580 3679 Quod
587 3608 682 3661 adhuc.
690 3640 727 3650 -
771 3611 853 3675 xoris,
863 3611 1063 3679 conjunctivum
1074 3609 1210 3680 praeferes.

223 3688 298 3757 Quod
306 3689 407 3749 adirem,-
418 3691 453 3740 ita
462 3687 529 3740 cod.
542 3690 622 3741 Paris.
635 3701 662 3740 et
672 3709 726 3741 om·
810 3687 849 3739 15.
857 3685 1279 3759 Etsinqulisdiebus.Parm.Ven.

221 3785 267 3817 nes
276 3766 335 3818 edd.
344 3768 407 3820 inde
416 3768 451 3820 ab
461 3770 588 3820 Romana.
600 3768 650 3820 Sed
657 3770 723 3823 Cod.
771 3779 797 3818 et
809 3768 884 3817 llorn.
898 3778 923 3818 et
936 3767 963 3817 in
975 3763 1101 3838 sinqulis,·
1115 3770 1280 3821 recte-In

220 3847 294 3898 Uret.
308 3861 332 3899 et
348 3848 390 3899 ed.
408 3851 492 3920 princ.
503 3868 571 3921 quo,
589 3848 662 3921 quod
677 3848 725 3902 de·
769 3845 879 3918 sinqulr's
889 3845 1281 3921 legiturinomnibusantiquit

220 3926 294 3978 fendi
308 3946 363 3979 non
379 3929 476 3998 pote‘st.
495 3931 577 3980 litto.
596 3959 632 3969 -
650 3930 725 4000 Quod
770 3924 853 3978 libris.
869 3925 967 3979 Aldina
979 3927 1196 3998 praepositionem
1210 3930 1282 3983 omi-

221 4005 307 4056 adhue
328 4005 424 4076 legitur
444 4006 472 4056 in
497 4005 613 4059 editione
635 4005 722 4061 Hand.
755 4008 816 4073 sit,
831 4019 856 4059 et
868 4018 930 4078 post
942 4024 1001 4059 enm
1015 4025 1122 4072 omnen
1136 4009 1281 4062 restituen-

220 4080 288 4134 Vide
301 4095 392 4135 notam
405 4081 436 4148 5,
446 4099 507 4153 pag.
520 4101 544 4155 7.
770 4083 831 4138 darn
840 4083 1280 4152 tamencensuimuuttamtdnee.
