2664 4816
343 357 673 424 RECENTlORlS
696 361 936 428 EDITORlS.
1120 387 1164 428 xv

136 483 224 544 nibus
237 504 470 565 cognoscerem,
486 483 537 545 sed
550 498 600 560 ut,
615 484 701 566 quod
712 485 878 548 consilium
891 501 984 570 poeta
996 509 1165 572 consequu-

137 594 196 658 tus,
210 595 241 642 et
252 603 319 663 quo
330 604 440 664 genere
451 582 604 644 scribendi
618 605 691 645 usus
704 587 758 661 sit,
773 585 812 646 ad
824 588 964 646 animum
978 608 1164 649 revocarem.

139 679 207 755 Quo
224 677 312 738 facto
325 679 420 739 etiam
433 677 575 739 dubitare
590 678 702 756 desivi,
722 702 762 740 an
781 683 893 742 Statius
908 685 1039 744 omnino
1053 684 1167 766 dignus

139 775 229 837 fuerit
244 777 395 857 scriptor,
416 777 450 835 in
466 796 530 857 qno
550 798 701 858 magnum
715 778 851 839 studium
866 778 1072 841 collocemus:
1091 804 1166 844 nam

139 874 282 934 omnium
304 874 474 948 vitiorum,
499 895 569 957 qun
592 876 626 935 in
651 877 750 959 poetis
772 877 888 936 Latinis
913 879 1090 938 recentioris
1111 883 1167 941 sevi

138 971 371 1052 vituperantur,
395 968 523 1032 fortasse
544 971 668 1033 nullum
693 985 753 1048 est,
779 973 863 1055 quod
881 994 947 1034 non
968 973 1113 1056 exemplis
1133 997 1168 1036 er

139 1067 221 1129 illius
228 1070 422 1130 carminibus
430 1069 621 1153 depromptis
630 1072 831 1133 demonstrari
842 1073 955 1155 possit,
966 1074 1028 1133 sive
1037 1075 1168 1133 nimiam

139 1165 350 1248 eloquutionis
360 1167 618 1245 ubertatem,sive
627 1168 804 1230 affectatam
812 1168 1169 1247 dictionem,sirectiam

140 1263 330 1325 inventionis
345 1278 556 1348 paupertatem
573 1279 751 1348 spectemus.
764 1267 881 1326 Tamen
894 1286 961 1326 non
975 1268 1066 1348 pauci
1080 1270 1170 1327 exsti·

141 1375 244 1423 terunt
255 1360 350 1444 hujus
363 1376 462 1446 poetae
473 1365 692 1440 admiratores,
706 1378 736 1425 ct
747 1364 785 1424 de
800 1365 875 1447 ipsis
892 1362 983 1446 hujus
994 1365 1170 1424 estimatio·

140 1460 186 1519 nis
197 1460 313 1520 caussis
324 1481 459 1541 quaerere
470 1462 625 1521 convenit
645 1463 712 1522 Hoc
727 1483 817 1537 vero,
832 1483 901 1522 mea
915 1465 1083 1538 sententia,
1096 1462 1171 1522 inde

141 1552 257 1616 iactum
276 1570 336 1629 est,
356 1555 442 1636 qnod
460 1556 598 1639 singulas
611 1557 739 1617 virtutes
754 1557 955 1637 agnoverint,
975 1557 1073 1639 iisque
1091 1556 1172 1616 dele·

142 1654 212 1721 etati
230 1652 270 1714 de
288 1653 432 1713 universo
450 1655 596 1735 ingenio,
620 1667 674 1714 ant
692 1653 770 1713 falsa
783 1652 917 1735 judicia,
940 1665 994 1712 aut
1012 1674 1079 1714 non
1102 1656 1172 1715 satis

143 1751 363 1833 circumspecta
382 1753 590 1834 conceperint.
611 1752 673 1812 Nec
692 1752 845 1827 mirabor,
863 1752 908 1825 ei,
930 1752 985 1832 qni
1006 1772 1024 1811 a
1041 1750 1173 1812 lectione

142 1847 265 1929 Virgilii
278 1860 309 1908 et
322 1849 441 1908 Lucani
455 1848 495 1908 ad
513 1850 644 1908 Statium
660 1861 811 1922 transeat,
827 1847 926 1908 multa
944 1849 977 1907 in
996 1845 1056 1907 hoc
1074 1849 1173 1928 magis

144 1945 277 2028 placere,
296 1945 431 2029 plurima
450 1949 549 2027 magis
568 1947 729 2026 ingeniosa
745 1946 854 2006 videri.
873 1944 966 2022 Quod
978 1945 1062 2005 enim
1073 1959 1172 2026 poetar

145 2042 228 2102 istius
248 2043 396 2124 temporis
415 2044 542 2124 ingenio
560 2055 590 2102 et
608 2055 673 2102 arte
692 2042 802 2124 saepius
822 2041 909 2102 abusi
927 2043 1007 2119 sint,
1032 2042 1064 2102 id
1083 2063 1172 2123 aequo

145 2143 248 2203 animo
267 2141 418 2218 feremus,
437 2140 576 2201 simodo
596 2142 692 2222 ipsius
709 2140 825 2221 ingenii
842 2139 968 2221 vestigia
988 2153 1173 2223 appareant,

145 2259 244 2322 neque
264 2239 337 2298 artis
355 2236 507 2313 defectus,
526 2237 577 2297 sed
598 2255 741 2320 perversa
756 2233 820 2317 ejus
838 2234 1006 2318 disciplina,
1021 2237 1054 2295 in
1072 2257 1173 2318 repre·

147 2334 331 2422 hensionem
343 2336 489 2396 incurrat.
544 2380 550 2385 -

178 2470 314 2530 “Statius
321 2469 532 2550 quumsubito
540 2467 821 2548 caloreetquadam
828 2467 992 2528 festinandi
1001 2465 1173 2548 voluptate,

148 2581 178 2625 ut
198 2567 264 2649 ipse
283 2567 344 2638 ait,
364 2566 497 2648 ideoque
516 2567 613 2646 magis
632 2567 750 2648 impetu
770 2586 864 2646 quam
885 2565 1016 2624 consilio
1035 2566 1174 2624 carmina

149 2663 327 2744 scripsisset,
343 2660 408 2722 haec
425 2664 479 2722 etsi
493 2663 598 2722 multis
612 2664 692 2721 vitiis
707 2662 866 2737 laborent,
886 2662 918 2720 id
935 2675 1040 2721 tamen
1058 2660 1176 2721 babent

149 2761 325 2842 proprium,
337 2760 423 2840 quod
435 2761 576 2819 nativum
583 2760 751 2840 quemdam
764 2759 900 2820 colorem
914 2759 1064 2835 referunt,
1079 2773 1109 2818 ct
1119 2759 1173 2818 ubi

150 2875 212 2914 non
224 2856 264 2915 ad
274 2855 384 2916 dolosa
397 2856 525 2916 artificia
538 2858 696 2930 aberrant,
709 2871 762 2917 aut
772 2857 886 2918 lascivo
897 2859 1039 2917 acumine
1048 2858 1176 2930 ludunt,

150 2971 250 3011 reram
269 2951 415 3013 exhibent
435 2966 556 3017 natura>
574 2954 760 3033 imagincm3
783 2953 813 3011 id
828 2953 913 3034 quod
929 2954 1060 3012 maxime
1080 2956 1112 3013 in
1127 2955 1177 3012 de-

151 3051 367 3133 scriptionibus
384 3073 489 3112 rerum
508 3051 604 3111 oculis
622 3066 835 3133 perceptarum
854 3053 999 3113 cernitur.
1020 3054 1125 3132 Neque
1144 3054 1175 3111 iu

151 3149 213 3229 ipsa
224 3151 407 3209 inventione
419 3160 544 3231 poetam
556 3149 712 3209 infelicem
724 3151 976 3225 existimaverim,
995 3149 1046 3209 sed
1059 3150 1177 3209 cultum

151 3243 264 3324 ingenii
287 3247 385 3325 magis
407 3245 564 3320 desidero,
586 3267 681 3325 quam
700 3248 905 3305 instrumenta
927 3260 1055 3306 naturae.
1080 3250 1178 3327 Atque

152 3338 303 3414 celeritas,
323 3361 392 3422 quae
408 3343 440 3400 in
456 3342 524 3401 aliis
542 3343 632 3402 rebus
645 3342 808 3403 utilitatem
828 3342 937 3418 habet,
956 3348 988 3402 in
1010 3346 1095 3425 poesi
1113 3365 1179 3403 ma‘

152 3459 285 3520 gnopere
300 3454 400 3500 nocet.
415 3442 519 3517 Quare
534 3442 593 3501 nisi
610 3443 721 3501 Statius
738 3443 787 3501 isti
804 3442 941 3502 facultati
954 3463 1057 3502 versus
1069 3455 1179 3500 extem-

152 3555 222 3614 pore
234 3535 389 3596 scribendi
404 3538 538 3597 nimium
555 3538 744 3612 indulsisset,
764 3552 793 3597 et
811 3539 941 3599 luxuriae
958 3538 1180 3598 effervescentis

153 3648 258 3695 aestum
268 3638 516 3717 compescuisset,
528 3658 628 3717 neque
638 3637 676 3695 ad
689 3636 812 3696 heroica
825 3651 1019 3718 argumenta,
1034 3658 1101 3717 quar
1115 3659 1179 3697 non

154 3731 249 3791 subita
273 3735 373 3792 animi
396 3735 626 3808 commotione,
650 3733 701 3793 sed
725 3735 893 3814 tranquilla
918 3736 1181 3815 contemplatione

154 3833 393 3912 concipiuntur,
416 3854 446 3893 se
467 3833 676 3915 applicuisset,
699 3832 838 3912 profecto
859 3853 925 3891 non
946 3832 1180 3905 versificatoris,

154 3927 203 3986 sed
217 3927 357 3988 melioris
376 3944 474 4011 poetae
487 3950 604 3989 nomen
619 3930 784 3988 meriturus
802 3928 928 3987 fuisset:
948 3950 1021 3988 nam
1037 3951 1102 3988 non
1119 3943 1182 3988 tam

155 4025 265 4086 virium
291 4048 385 4107 quam
411 4029 503 4088 studii
523 4029 600 4088 vitio
622 4027 802 4097 laborabat,
827 4041 857 4085 et
877 4048 973 4106 quum
997 4043 1060 4087 tarn
1087 4027 1182 4085 multa
1254 4023 1257 4029 ’
