2664 4816
349 386 677 453 RECENTlORlS
701 386 940 455 EDlTORlS.
1138 398 1174 462 xi

141 517 249 578 omnia
263 513 330 575 haec
341 533 408 574 non
421 532 486 572 uno
500 524 656 593 tempore,
670 530 771 591 neque
782 509 822 569 ab
834 531 898 571 uno
910 511 1036 575 librario
1049 519 1171 600 scripta.

143 614 219 673 Nam
242 610 333 676 Silvae
353 607 541 669 videbantur
566 607 663 667 Hasio
685 607 767 667 circa
789 625 908 665 annum
936 605 1011 691 ¹47⁰
1035 614 1173 695 scripta,

145 710 259 792 reliqua
279 705 421 791 pluribus
439 705 530 765 annis
548 718 635 788 pust,
654 703 781 788 epistola
799 724 874 764 vero
895 704 1016 788 Rogerii
1033 723 1174 795 tempore

146 807 297 868 Francisci
310 805 416 888 primi.
431 806 467 864 ln
482 804 584 885 prima
596 803 710 885 pagina
722 803 867 862 carminis
880 803 973 884 primi
987 806 1068 867 inter
1078 809 1175 871 lineas

146 905 333 989 interposita
346 914 419 962 sunt
429 902 586 961 breviores
598 900 830 984 explicationes,
845 901 880 962 in
892 900 1017 985 reliquis
1028 927 1124 989 usque
1137 910 1176 971 ad

145 1004 197 1066 iol.
212 1024 269 1078 tx,
283 1003 347 1063 sive
361 1000 401 1062 ad
414 1021 540 1077 carmen
555 1001 572 1062 5
587 1000 660 1060 libri
673 999 714 1059 lV
728 1000 834 1081 glossae
847 1000 881 1058 in
896 1003 1051 1083 margine,
1064 1007 1176 1086 quibus

145 1117 197 1164 aut
206 1101 398 1163 difficiliores
407 1099 580 1174 sententiae,
591 1111 646 1159 aut
652 1118 699 1157 res
705 1096 1054 1179 antiquaeillustrantur.
1066 1104 1178 1165 Hasius

146 1202 305 1285 descripsit
318 1221 386 1274 eas,
406 1219 476 1279 quae
494 1197 535 1258 ad
554 1199 693 1279 primum
711 1195 827 1256 librum
845 1210 875 1257 et
893 1197 1008 1259 adalia
1025 1202 1179 1263 nonnulla

147 1301 284 1363 carmina
303 1299 477 1382 pertinent,
499 1295 613 1379 quibus
631 1293 815 1376 intelligitur
833 1308 990 1358 auctorem
1010 1300 1117 1363 Romae
1135 1305 1180 1362 vi·

148 1401 239 1474 risse,
259 1418 360 1481 neque
375 1395 550 1456 eruditione
563 1392 744 1455 destitutum
762 1392 864 1454 fuisse.
885 1393 954 1455 Vid.
969 1395 1009 1457 ad
1023 1399 1054 1474 1,
1073 1422 1105 1477 r,
1124 1401 1180 1483 373

149 1489 181 1571 a,
198 1494 265 1554 138.
280 1495 365 1575 Saepe
377 1492 411 1552 in
424 1489 549 1550 scholiis
563 1487 738 1550 afferuntur
752 1490 873 1570 antiqui
888 1506 1028 1552 auctores
1040 1497 1140 1557 Graeci
1152 1513 1182 1559 et

149 1592 268 1668 latini,
283 1611 363 1675 saepe
374 1591 466 1650 etiam
481 1589 555 1649 artis
566 1598 778 1648 monumenta.
794 1587 898 1647 Codex
910 1609 983 1650 vero
996 1612 1062 1651 non
1074 1599 1183 1661 omnia

150 1687 386 1774 comprehendit
397 1687 554 1760 carmina,
569 1685 622 1745 sed
635 1683 730 1744 finem
744 1683 838 1744 habet
852 1685 885 1745 in
898 1706 988 1747 versu
1003 1691 1060 1771 257
1075 1697 1184 1755 carmi·

150 1789 196 1847 nis
208 1809 225 1847 2
239 1786 312 1845 libri
323 1788 361 1860 V,
377 1784 492 1844 caeteris
501 1781 651 1863 abruptis.
662 1779 748 1842 Idem
758 1792 816 1855 est,
826 1801 934 1861 quem,
944 1797 979 1843 ut
988 1804 1095 1848 narrat
1103 1792 1184 1852 Man

150 1883 283 1943 lrlandus
296 1883 329 1941 in
344 1879 545 1964 praefatione,
556 1875 712 1937 Bentleius
724 1877 904 1939 contulerat.
918 1881 1024 1964 Neque
1032 1905 1106 1947 vero
1116 1910 1182 1951 ma-

151 1999 246 2060 gnam
257 1977 354 2037 habet
368 1974 598 2047 auctoritatem,
614 1971 667 2031 sed
682 1972 845 2048 librarius,
860 1986 895 2033 ut
906 1976 939 2034 in
952 1977 989 2036 iis
1001 1992 1099 2060 patet,
1114 2006 1183 2065 quae

151 2075 190 2136 ad
205 2071 377 2157 Epistulam
391 2069 464 2129 libri
479 2069 579 2143 tertii,
601 2066 642 2127 ad
658 2068 720 2144 lll,
743 2088 772 2145 r,
793 2065 849 2145 43,
868 2084 898 2128 et
912 2070 987 2131 alibi
1005 2080 1131 2156 monui,
1150 2082 1184 2142 in

152 2195 187 2234 eo
201 2167 405 2232 describendo
420 2164 597 2226 adhibuisse
611 2163 735 2224 videtur
748 2177 862 2226 veteres
876 2165 1036 2231 editiones.
1047 2199 1061 2228 n

136 2317 213 2382 flac
230 2308 405 2390 Handius3
427 2329 505 2399 quae
523 2328 577 2372 res
596 2320 781 2401 utcumque
801 2328 840 2372 sa
855 2303 1000 2389 haheat,
1016 2309 1184 2380 nihilomi-

134 2459 195 2503 nus
214 2450 330 2502 tamen
349 2427 610 2498 describendum
629 2443 671 2494 ex
688 2424 788 2495 omni
799 2444 897 2520 parte
915 2411 1044 2497 librum·
1058 2439 1184 2502 censui-

136 2582 224 2639 mus,
239 2553 399 2646 religione
413 2550 560 2647 quadam
569 2552 668 2631 moti,
684 2555 722 2615 ut?
739 2540 931 2615 Markland}
947 2555 1052 2659 nostri
1065 2571 1182 2622 votum

137 2675 381 2753 absolveretur,
400 2674 515 2764 sicque
534 2666 607 2761 ejus
626 2671 723 2762 quasi
740 2655 896 2770 Manilius
913 2688 1181 2762 paremaremus,

137 2794 235 2887 siqui
246 2815 327 2859 vero
341 2789 491 2856 alienum
505 2787 548 2855 ab
560 2810 661 2879 opere
675 2774 1183 2880 institiitb'opdsijirdicaverint,

138 2913 231 2982 facile
247 2910 282 2979 id
299 2908 557 2988 continuabunt,
575 2908 676 2976 modo
693 2910 857 3000 propositi
874 2912 1032 3001 pietatem
1049 2916 1184 2979 attentis

139 3036 342 3128 respexerint
361 3034 494 3098 animis

186 3209 360 3271 Variantcs
382 3225 518 3299 quoque
539 3203 698 3294 Principis
721 3205 782 3286 (ut
801 3204 916 3286 aiunt)
945 3201 1126 3300 Editionis,
1153 3225 1186 3273 et

143 3326 273 3395 Aldinas
297 3325 458 3393 lectiones
481 3327 516 3390 in
537 3320 687 3390 medium
709 3322 932 3404 contulimus,
957 3326 1128 3417 textuique
1149 3329 1185 3393 in

143 3448 203 3512 ima
220 3446 345 3537 pagina
364 3440 590 3535 subjecimus3
614 3440 734 3508 additis
756 3440 947 3509 Marklandi
966 3441 1187 3534 conjecturis,

143 3583 170 3632 et
185 3565 372 3633 lectionum
386 3561 603 3630 varietatibus
619 3587 659 3628 ex
673 3561 762 3631 illius
777 3565 1017 3630 commentario
1034 3563 1186 3655 deprom-

109 3765 111 3775 .
143 3687 222 3775 ptis,
244 3682 348 3751 modo
367 3699 480 3749 tamen
501 3708 562 3776 per
583 3683 781 3751 brevitatem
800 3684 941 3754 liceret:
967 3682 1063 3778 cujus
1087 3690 1187 3754 etiam

143 3804 311 3873 brevitatis
327 3828 445 3885 causa,
465 3821 499 3870 et
519 3829 562 3871 ne
582 3803 740 3873 volumen
760 3823 853 3872 extra
868 3805 1006 3873 modum
1019 3832 1189 3876 excresce-

144 3943 206 4008 ret,
224 3923 398 4017 exempla‚
419 3949 494 4018 quae
513 3925 660 4017 plurima
674 3926 896 3993 Marklandus
911 3927 1085 4010 attulerat,
1107 3954 1190 3996 non·

144 4069 318 4141 nunquam
337 4046 557 4130 rescidimus,
580 4071 656 4140 quae
675 4051 755 4115 satis
775 4064 847 4115 erat
866 4047 1087 4115 subindicare.
1109 4054 1190 4134 Qum

1006 4200 1034 4240 A.
