2664 4816
144 362 186 456 xij
545 366 788 431 eanrxrro

143 519 222 563 vero
239 493 283 561 ad
300 495 612 584 interpretationem
629 509 803 585 spectant,
826 495 868 562 ad
888 497 1014 565 calcem
1030 505 1188 569 carminis

142 614 306 712 cujusque
325 614 518 708 rejecimus,
537 629 655 706 utpote
673 639 749 707 quae
767 615 946 709 largiorem
962 621 1091 688 Cn'ticis
1104 645 1189 690 cam·

142 764 225 832 pum
242 741 411 833 aperiant,
436 740 576 831 ipsaque
593 735 693 804 latius
715 710 790 805 ideo
810 743 1050 832 exspatientur.

187 939 296 1030 Opere
310 934 480 1015 confecto,
495 930 717 1000 Marklandus
730 931 855 1000 librum
866 944 967 1002 saum
980 935 1130 1004 studiose
1142 961 1188 1005 re

140 1059 234 1140 visit,
256 1055 537 1148 recognovitque3
560 1069 593 1119 et
613 1050 757 1146 nequid
776 1052 1038 1122 desiderandum
1060 1054 1188 1125 videre·

139 1193 210 1259 tur,
225 1175 290 1244 alia
302 1174 462 1254 mutavit,
479 1169 609 1238 addidit
619 1171 701 1252 alia,
712 1171 766 1239 vel
782 1175 921 1240 omnino
935 1171 1080 1242 delevit:
1102 1197 1186 1269 quas

139 1296 277 1392 quidem
291 1293 541 1364 emendationes
558 1292 676 1362 sedulo
689 1291 903 1385 collegimus,
917 1309 950 1362 et
961 1319 1113 1389 quasque
1123 1319 1186 1362 suo

139 1440 275 1513 quoque
301 1414 375 1481 loco
400 1410 611 1506 reponendas
640 1413 854 1479 curavimus:
884 1413 1046 1483 excidisse
1071 1428 1185 1481 tamen

137 1561 241 1604 unam
255 1535 500 1626 comperimus,
518 1555 621 1625 quam
635 1533 825 1598 restitutam
839 1528 894 1599 hic
907 1529 1050 1616 habeas,
1065 1536 1186 1601 Lector

136 1659 380 1726 humanissime
390 1708 398 1739 ,
408 1652 561 1722 velimus.
577 1656 710 1746 Spectat
721 1651 764 1719 ad
776 1675 824 1719 vs.
837 1654 879 1718 83
894 1676 995 1720 carm.
1007 1657 1068 1734 lV,
1078 1651 1137 1719 lib.
1150 1657 1182 1718 1:

138 1781 203 1845 Nec
212 1780 366 1872 promissa
377 1774 472 1841 semel
474 1800 486 1855 ,·
503 1772 561 1838 ubi
574 1770 762 1837 Markland.
1120 1803 1131 1820 .,
1176 1799 1184 1858 ,¹

199 1948 212 1978 a
226 1925 303 1984 Ven.
316 1923 474 2002 premissa.
490 1919 628 1978 Omnino
641 1939 749 1977 verum
761 1930 819 1977 est:

384 2068 389 2079 .
400 2067 406 2078 .
417 2068 423 2078 .
434 2026 496 2080 ‚sed
508 2038 634 2077 revocant
645 2025 724 2091 fasti,
736 2026 873 2097 majorque
885 2023 989 2076 Curulis

313 2117 368 2168 Nec
379 2115 501 2188 permissa
514 2113 603 2166 semel.

155 2219 190 2274 Τὸ
200 2235 266 2289 nec,
280 2226 315 2273 ut
329 2233 409 2295 saepe
421 2213 500 2289 dixi,
514 2211 731 2272 resolvendum
744 2223 790 2270 est
800 2212 834 2269 in
846 2224 873 2271 et
883 2232 966 2271 non:
984 2211 1085 2292 major
1096 2234 1186 2274 curu·

156 2313 194 2374 lis
207 2315 358 2407 permissa,
373 2309 592 2426 etqrpnserpol,
598 2310 714 2395 idest,
729 2312 816 2370 etiam
828 2310 1005 2421 plusquam
1018 2310 1127 2387 semel,
1143 2310 1187 2371 bis

155 2426 259 2493 puta,·
269 2387 332 2486 ’γξὶξ
340 2391 453 2492 pluries
474 2406 594 2490 primia
580 2407 627 2486 ξζιζ
634 2406 837 2486 (simulatum
830 2404 918 2466 ·hoc
936 2408 1021 2467 enim
1041 2407 1109 2468 vult
1131 2430 1187 2492 per

157 2504 297 2590 majorem
318 2507 474 2614 (ὶαιμὶωη.
483 2509 581 2597 {lecte
584 2527 664 2584 qcro
683 2508 838 2588 permissa,
862 2526 902 2565 sc.
924 2506 963 2565 ab
986 2507 1186 2589 Imperatore.

157 2607 275 2665 Donare
289 2577 422 2678 sororiis
433 2590 544 2679 omisca
560 2578 669 2663 eoilem
687 2623 776 2663 sensu
790 2601 969 2678 Juvenalis,
985 2603 1045 2663 Sat.
1064 2605 1108 2677 X,
1128 2625 1183 2683 91:

155 2703 449 2829 Noster‚Epi2lral.
444 2702 535 2798 styli·
528 2704 654 2797 V333Q

351 2807 489 2866 ›22⁸de
500 2778 592 2882 li'ptari,
602 2779 779 2885 pinnissaquc
789 2814 897 2863 numine
910 2810 1001 2863 dextro

314 2906 383 2954 Vota
395 2920 490 2973 paves3

155 3001 211 3060 ubi
226 3000 367 3060 similiter
379 3010 445 3059 erat
456 3003 598 3081 promissa
609 3023 618 3057 .·
630 2999 701 3059 vide
712 3001 817 3060 Notas.
828 3025 842 3054 a

136 3135 185 3198 Ea
212 3131 276 3197 luit
298 3130 394 3198 nobis
418 3131 544 3227 ubique
566 3133 718 3222 magistri
745 3133 953 3213 reverentia,
982 3145 1022 3198 ea
1044 3129 1186 3222 religio,

136 3267 175 3318 ut
187 3248 271 3317 nihil
283 3249 344 3317 tibi
362 3276 403 3319 ex
419 3252 504 3317 tanti
521 3252 618 3343 pretii
633 3248 749 3318 labore
760 3249 913 3342 deperire
924 3247 1075 3318 volentes
1091 3266 1187 3342 pate-

135 3393 267 3451 remur,
291 3368 425 3463 singula
450 3373 697 3463 exciperemus,
719 3370 930 3467 fideliterque
952 3370 1186 3455 traderemus;

134 3490 199 3556 nisi
212 3488 304 3583 quod
318 3490 495 3557 manifeste
511 3489 594 3558 falsa
607 3493 832 3574 correximus,
848 3493 883 3557 in
897 3490 980 3559 locis
994 3492 1186 3584 praesertr'm

136 3631 177 3675 cx
193 3607 266 3676 aliis
282 3609 476 3679 auctoribus
492 3608 662 3695 adductis,
680 3610 738 3680 ubi
758 3636 819 3681 sua
836 3609 993 3679 facillime
1011 3607 1185 3677 Marklan-

136 3721 220 3791 dum
233 3730 397 3796 memoria
410 3725 527 3796 fallere
538 3733 665 3822 potuit,
682 3729 879 3823 fefellitque.

70 3898 79 3903 ⁸
180 3906 294 3989 Quum
322 3923 434 3975 autem
468 3909 667 4001 priusquam
692 3906 736 3974 ad
763 3922 937 3973 auctorem
962 3902 1186 3983 accedamus,

135 4022 247 4113 ipsum
260 4045 489 4115 prenoscere,
507 4042 542 4093 et
556 4048 633 4119 quae
650 4024 751 4094 fuerit
766 4023 857 4093 illius
873 4021 1024 4103 indoles,
1042 4017 1136 4114 quod
1151 4039 1188 4096 ct
