2664 4816
211 355 312 450 xxviij
591 352 887 420 MARKLANM

210 489 293 564 vulgo
311 485 411 561 legitur
429 487 515 538 dona:
535 492 562 535 et
576 479 631 536 tolo
648 479 753 556 aliquid
771 479 904 537 accidisse
922 484 1047 558 suspicor
1061 487 1088 551 Ι,
1103 486 1137 553 3,
1152 504 1197 555 ns,
1211 485 1260 541 uhi

208 583 280 636 Anio
292 576 393 635 fluvius
406 575 506 630 dieitur
517 576 621 627 Saxeus.
636 574 706 628 Hinc
720 573 803 626 etiam
815 575 891 628 venit
900 585 1005 646 partem
1018 595 1070 652 pro
1081 589 1202 641 nortem
1216 580 1261 634 Li·

210 681 291 733 bertas
304 694 355 752 pro
366 670 515 731 Nobilium
528 669 598 723 aule
611 686 665 744 pro
679 669 756 722 laude
765 690 774 730 ,·
783 668 874 739 fateor
885 688 938 745 pro
947 673 1063 742 pariter‚·
1076 673 1195 729 Moribus
1203 692 1260 750 ¹prs>

208 771 328 826 Fascibus
335 790 345 829 ;
358 765 423 820 hinc
434 765 551 817 carmine
561 779 614 837 pro
625 763 736 815 stamine
743 783 753 822 ,·
767 781 872 814 cannen
885 781 938 838 pro
950 763 1043 818 limiae
1051 787 1060 826 ,·
1074 771 1193 844 cannino
1207 786 1259 844 pro

208 878 341 937 rempom3
357 862 475 915 cannino
489 876 540 933 pro
556 876 665 909 munera
674 878 684 918 ‚·
693 859 788 930 jupam
804 875 856 932 pro
871 878 1000 920 ntuuero;
1015 860 1124 914 vulnera
1134 880 1188 938 pro
1200 883 1259 916 mu-

207 979 285 1020 nero;
294 960 395 1031 funera
406 971 458 1030 pro
470 951 577 1006 vulnera
584 972 593 1011 ,·
606 950 714 1004 vulnera
725 968 778 1025 pro
790 969 926 1004 mannum
932 974 942 1014 ,-
949 952 1049 1023 funera
1060 973 1113 1030 pro
1118 955 1259 1028 fulminar

204 1053 311 1126 pulvere
324 1066 376 1125 pro
385 1046 514 1121 fulgure,-
526 1059 631 1117 pectora
646 1063 697 1121 pro
713 1044 833 1098 lumino:
848 1064 910 1121 quae
924 1049 1016 1103 omnia
1029 1047 1090 1105 loca
1104 1051 1212 1106 restitui
1225 1069 1260 1107 ex
1319 1104 1326 1119 ,

206 1147 258 1202 hac
267 1144 420 1200 certissima
430 1136 539 1215 regula,
552 1136 628 1214 quod
637 1137 703 1192 hinc
715 1136 825 1194 stabant
836 1158 933 1196 sensus
942 1152 970 1196 et
979 1140 1114 1218 elegantia
1124 1156 1152 1199 et
1160 1146 1259 1201 usitata

205 1240 338 1303 mutatio,
355 1233 431 1290 illino
447 1231 611 1310 plerumque
627 1231 791 1288 absurditas.
810 1235 921 1311 Quippe
936 1235 1090 1293 notandum
1105 1250 1147 1294 est
1161 1241 1191 1294 in
1206 1239 1259 1296 hae

203 1343 299 1411 parte,
313 1349 369 1385 non
381 1325 473 1383 solum
488 1324 563 1403 apud
576 1328 707 1397 Statium,
723 1325 773 1382 sed
786 1339 813 1382 et
827 1339 932 1385 ceteros
945 1349 1040 1386 omnes
1052 1336 1163 1402 Poetae,
1175 1352 1258 1390 vocas

204 1445 329 1492 munera,
338 1423 445 1476 vulnera
451 1462 461 1490 ‚
472 1422 596 1488 aomina,
605 1420 713 1488 limina,
726 1421 1241 1502 lumina,flamina„flumiao‚fithuro
1247 1468 1257 1495 ,

198 1519 339 1594 fulmina,
352 1518 471 1591 funera,
490 1515 620 1579 numina,
639 1533 792 1582 munuera,
812 1517 946 1583 cannino,
966 1529 1101 1590 tempora,
1117 1523 1257 1591 pennino,

201 1615 325 1689 promissa
333 1651 343 1679 ,
360 1621 388 1664 et
401 1604 659 1689 similiatrisyllaba
675 1604 826 1682 dactylica,
842 1624 914 1685 sape
929 1609 958 1663 in
971 1612 1042 1666 Mss.
1058 1607 1145 1666 Codd.
1161 1628 1214 1688 pro
1227 1629 1258 1666 se

202 1708 323 1763 invicem
335 1703 494 1761 suboritur:
510 1720 562 1756 nec
573 1699 686 1770 dubito,
700 1703 769 1778 quin
783 1700 888 1757 AEneid.
902 1706 966 1772 XII,
983 1704 1053 1773 518,
1068 1702 1115 1760 ubi
1128 1722 1204 1761 nunc
1215 1703 1258 1760 le-

203 1810 292 1877 gum·
423 1870 580 1932 ...piscosa
590 1868 724 1915 euicircum
733 1867 920 1915 fluminaLernro

388 1955 432 2000 Ars
440 1953 530 2008 meras,
539 1966 675 2015 pauperque
686 1949 780 2005 domun
791 1965 836 1997 nec
845 1962 900 1998 nota
910 1964 1033 2014 potentum

389 2034 502 2089 Munera,

202 2138 334 2217 Virgilius
344 2141 485 2217 scripserit
496 2139 622 2192 Limina²
629 2161 638 2199 ‚-
650 2149 681 2193 nt
692 2135 768 2213 apud
779 2135 930 2193 Martialem
942 2139 1036 2213 Epigr.
1048 2140 1112 2205 ΧΗ,
1126 2140 1172 2206 18,
1185 2140 1218 2207 4:

452 2252 513 2295 Dum
522 2265 567 2311 per
575 2248 653 2294 limina
664 2259 687 2294 te
695 2248 855 2310 potentiorum

451 2329 557 2377 Sudatrix
569 2340 623 2390 toga
632 2327 742 2384 ventilat,
753 2339 797 2375 etc.

204 2448 232 2491 et
243 2432 439 2504 Claudianum,
450 2439 527 2504 XXI,
539 2432 573 2489 de
585 2433 670 2490 Laud.
684 2432 788 2490 Stilich.
801 2439 827 2503 Ι,
839 2436 890 2504 la:

641 2579 646 2590 .
657 2579 662 2590 .
673 2578 678 2589 .
689 2543 772 2591 ,nullis
780 2542 870 2590 harere
878 2554 1002 2606 potentum

391 2609 535 2665 Liminibus;

204 2728 232 2772 et
243 2713 310 2771 alios
324 2718 384 2771 sine
394 2735 511 2771 numero
523 2715 597 2771 locos
612 2718 641 2771 in
656 2719 800 2792 utriusque
811 2717 919 2792 generis
934 2715 1130 2792 scriptoribus3
1142 2729 1169 2773 et
1180 2717 1259 2795 quod

203 2813 333 2888 proprius
345 2824 401 2882 est,
413 2813 522 2868 Servius
535 2811 645 2866 videtur
658 2831 711 2889 pro
722 2813 798 2866 varia
813 2810 930 2866 lectione
941 2813 1080 2868 invenisse
1092 2817 1201 2877 munim
1213 2816 1258 2870 in·

203 2915 247 2959 ter
262 2923 345 2981 qnam
359 2924 456 2960 vocem
474 2915 502 2958 et
521 2904 634 2969 limina,
654 2895 776 2958 detracta
793 2901 872 2958 litera
892 2903 919 2973 l,
936 2914 1032 2979 utpote
1048 2906 1128 2960 initio
1141 2925 1259 2977 versus,

202 3018 305 3076 parum
318 3012 359 3054 est
371 2997 552 3064 differentiae3
567 3017 654 3074 quum
666 2997 765 3053 ductus
777 2995 875 3053 calami
887 2996 946 3052 fero
957 2997 1042 3054 iidem
1054 3001 1150 3055 sintin
1162 3006 1259 3056 munio

202 3105 231 3149 et
247 3095 347 3146 imina.-
362 3104 390 3147 ot
403 3091 453 3147 has
469 3110 550 3147 voces
564 3110 673 3145 munero
689 3103 716 3146 ot
731 3092 826 3145 limina
839 3090 905 3147 alibi
920 3104 1102 3149 commutatas
1117 3112 1189 3171 saepe
1200 3094 1259 3150 ob·

203 3187 327 3243 servavi:
344 3204 409 3239 narn
426 3190 526 3259 Georg.
545 3190 590 3253 lv,
611 3187 681 3254 520,
699 3203 751 3260 pro
768 3204 876 3239 munere
891 3182 1040 3261 legendum
1054 3204 1113 3242 esse
1130 3189 1257 3258 aomina,

203 3290 278 3334 extra
290 3297 404 3334 omnem
416 3280 631 3333 controversiam
644 3279 764 3354 positum
777 3288 859 3353 puto,
873 3289 1053 3354 posteaqua
1065 3277 1122 3334 dixi
1135 3277 1171 3334 ad
1181 3278 1258 3356 Sylv.

201 3377 251 3442 ΙΙΙ,
265 3376 295 3443 3,
309 3377 352 3446 87.
365 3374 408 3428 Sic
418 3375 512 3427 limina
523 3384 550 3428 et
562 3374 657 3428 mania
670 3382 876 3428 commutantur
886 3374 915 3426 in
926 3376 998 3430 MSS.
1010 3371 1085 3448 apud
1097 3371 1178 3429 Ovid.
1189 3378 1258 3429 Met.

202 3469 254 3535 Vl,
266 3467 337 3537 600,
349 3478 377 3522 et
388 3471 460 3536 xlv,
472 3467 540 3539 456,
553 3467 656 3520 lumina
669 3479 696 3521 et
709 3480 824 3541 tempora
830 3504 840 3532 ‚
852 3450 931 3520 Ιδίᾱό
942 3468 992 3535 32,
1002 3478 1105 3541 pectore
1115 3476 1143 3521 et
1155 3466 1260 3521 lamiae

235 3704 242 3727 ¹
260 3699 315 3744 ¹De
328 3695 372 3745 liae
385 3714 412 3746 ro
424 3697 480 3745 ride
489 3700 576 3760 θοοῖς.
591 3697 653 3743 Frid.
668 3695 779 3760 stephan.
790 3696 889 3743 Stieberi
898 3696 1054 3757 Gonjeotanea
1064 3706 1087 3742 ot
1096 3697 1223 3758 opiniones
1233 3699 1259 3744 iu

200 3776 312 3825 nonnulla
322 3782 347 3825 P.
358 3779 447 3837 Ovidii,
458 3791 502 3826 eto.
514 3776 573 3826 loca.
589 3777 681 3843 Erlang.
696 3776 766 3841 1086,
777 3793 801 3839 p.
812 3775 836 3821 6.
848 3797 858 3817 u
877 3777 954 3823 lirun.

234 3882 243 3905 ²
259 3876 324 3923 Hanc
337 3875 462 3925 lectionem
475 3878 577 3942 iloynius
591 3876 615 3924 in
629 3887 763 3923 contextum
776 3874 942 3936 recopi15vide
956 3884 1042 3921 nostra
1055 3872 1116 3921 Palis.
1132 3886 1190 3922 tom.
1205 3876 1257 3932 lv,

203 3975 256 4022 pag.
269 3959 322 4017 346.
340 3961 384 4006 Eu.
