2664 4816
99 388 165 439 xxx
227 360 230 365 ’
480 365 770 431 MARKLANDI
864 368 866 372 ’

99 493 282 561 necessitatis,
295 491 394 549 admisi
412 494 442 547 in
456 495 623 548 Contentum
641 493 709 565 (cur
725 493 802 549 enim
820 491 889 549 mibi
903 502 1061 567 negaretur,
1073 491 1153 568 quod

99 588 153 642 nisi
167 585 228 647 aliis
242 605 403 645 concessum
416 587 534 647 antebac
547 586 636 657 forst,
650 589 696 643 vix
710 585 780 645 duos
794 604 892 649 versus
903 588 1051 645 continuos
1063 586 1094 643 io
1107 585 1154 641 bis

99 678 190 756 Sylvis
207 683 343 757 pomisses
361 679 548 757 intelligerei)
567 700 625 737 non
642 679 762 739 aliorum
781 680 890 750 solum,
908 680 957 737 sed
977 683 1060 735 etiam
1079 696 1153 734 meas

100 776 276 849 ConJ'ecturas
286 797 292 827 ι
304 775 333 829 in
345 773 398 829 hae
408 786 486 848 parte
498 786 607 831 secutus
619 772 767 833 consilium
778 776 880 831 summi
895 774 1035 848 magistri,
1047 775 1156 827 Grono-

101 867 154 920 vii:
171 870 248 922 «Cur
261 870 336 922 onim
350 868 457 945 (inquit
470 865 534 935 ille,
548 866 652 923 Praefat.
667 866 702 923 ad
716 870 862 941 Senecam)
876 879 968 925 tantus
982 864 1062 921 labor
1075 866 1156 919 insu·

101 959 187 1015 mitur
197 959 324 1014 eruendas
331 958 465 1027 doctrina
474 965 621 1028 Veterum,
630 972 659 1015 et
667 958 798 1038 operibus
810 956 1046 1034 redintegrandis,
1056 958 1079 1013 si
1089 952 1155 1013 nul·

101 1048 145 1107 ius
158 1050 225 1107 iude
236 1052 271 1107 ad
285 1054 361 1130 ipsos
373 1052 465 1107 redeat
479 1051 602 1108 fructus?
615 1053 690 1124 Quid
700 1058 780 1129 juvat
790 1053 871 1108 toties
883 1069 986 1107 novare
997 1050 1157 1117 suidones,

101 1156 134 1198 ut
145 1145 248 1200 easdem
259 1144 422 1221 corruptela
434 1148 462 1200 in
476 1145 591 1222 singuiis
605 1151 748 1203 maneant?
760 1152 854 1223 ltaque
864 1144 896 1200 fit
907 1162 1113 1222 sepenumero,
1125 1154 1157 1197 ut

101 1239 231 1296 lectorio
245 1239 372 1297 facilibus
387 1239 544 1311 intellectu,
563 1245 586 1298 si
600 1242 675 1299 bono
690 1240 807 1299 consilio
824 1226 946 1298 assumta
960 1261 976 1297 e
989 1242 1159 1298 criticorum

102 1334 212 1408 scriptis
231 1333 307 1408 (qum
325 1332 455 1389 omnibus
475 1333 601 1390 evolvere
615 1354 672 1390 non
688 1353 796 1411 semper
808 1340 904 1409 vacat)
918 1335 1040 1410 genuina
1057 1348 1158 1389 manus

102 1426 215 1480 ductori
229 1424 336 1481 reddita
347 1439 434 1497 esset,
449 1429 514 1503 quia
526 1426 670 1503 vulgatum
683 1430 818 1484 retinetur
829 1426 923 1498 uicus,
936 1427 1090 1489 crucietur3
1104 1443 1159 1503 po-

103 1521 202 1574 tiorem
214 1530 335 1595 partem,
347 1533 462 1575 autnon
474 1533 632 1598 perceptam
644 1535 691 1578 sut
704 1520 791 1590 male,
805 1532 942 1587 transeat;
956 1532 983 1576 et
996 1517 1067 1575 nibil
1082 1516 1160 1594 quod

103 1613 207 1667 imitari
217 1624 279 1668 tuto
289 1616 389 1690 possit,
402 1616 557 1669 inveniat.»
573 1621 635 1671 Haeo
647 1614 710 1684 iiie,
724 1617 830 1692 optima
842 1633 923 1685 sane,
937 1611 1123 1670 etutilissima
1136 1612 1161 1666 si

104 1701 269 1759 adhibeatur
277 1705 431 1780 judicium
443 1709 505 1777 cui,
520 1720 656 1783 quantum
668 1706 758 1778 valui,
773 1707 896 1763 intendi:
911 1718 939 1763 ct
953 1707 1006 1762 boc
1017 1719 1162 1780 tempera·

105 1810 228 1853 mentum
247 1812 355 1855 secutus
372 1818 450 1870 sum,
465 1812 496 1855 ut
513 1804 535 1856 si
555 1805 584 1857 in
598 1800 708 1877 vulgata
725 1801 841 1858 lectione
855 1799 961 1879 aliquid
977 1803 1013 1855 sit
1028 1797 1164 1867 absurdi,

105 1889 151 1948 vel
164 1891 244 1962 falsi,
257 1892 301 1949 vel
316 1893 493 1968 inelegantis;
509 1907 603 1950 contra
616 1916 699 1967 vero,
714 1899 743 1951 in
757 1900 923 1972 Conjectura
937 1898 996 1951 sive
1009 1913 1089 1964 mea,
1103 1895 1165 1947 sive

106 1983 178 2043 alius
189 1988 362 2063 cujuspiam,
374 1991 459 2056 ratio,
471 1992 620 2043 auctoritas
632 1991 720 2065 ipsius
731 1991 807 2046 Statii
821 2000 848 2045 et
860 1992 1032 2066 optimorum
1043 1989 1166 2064 Scripto-

107 2100 188 2153 rum,
201 2102 258 2138 una
274 2100 336 2137 cum
352 2083 466 2137 minima
481 2083 525 2139 vei
543 2085 641 2138 usitata
655 2083 841 2159 discrepantia
855 2103 871 2138 a
884 2082 993 2160 vulgari
1010 2084 1166 2159 scriptura,

109 2176 184 2234 istud
202 2178 327 2253 ejiciam,
345 2176 399 2231 hoc
417 2178 446 2232 in
464 2182 628 2232 Contentum
646 2193 794 2230 assumam.
812 2180 913 2251 Atqui,
932 2175 1046 2244 dicunt,
1068 2177 1092 2229 si
1109 2174 1167 2229 boc

109 2270 195 2327 semel
214 2270 390 2339 concedatur,
408 2281 500 2325 actum
519 2280 561 2323 est
576 2269 611 2324 do
629 2270 806 2344 antiquitate,
825 2281 853 2324 et
869 2288 921 2346 pro
936 2271 1021 2325 Statio
1038 2266 1168 2344 legemus

108 2365 202 2421 nescio
220 2383 311 2440 quem.
330 2368 436 2434 Immo,
453 2361 624 2440 respondeo,
642 2381 695 2438 pro
713 2365 808 2419 nescio
825 2382 883 2438 quo
901 2361 975 2439 leges
993 2363 1120 2419 statium
1138 2364 1169 2419 Ε

110 2461 185 2516 enim
198 2469 245 2528 tu,
264 2456 318 2515 levi
336 2456 381 2514 vei
400 2461 499 2515 usitata
517 2459 672 2513 mutatione
684 2475 803 2526 vocum,
819 2475 851 2513 ex
869 2477 903 2513 eo
921 2457 996 2532 quod
1011 2455 1170 2512 absordum

110 2562 170 2609 erat
180 2550 225 2607 vei
236 2571 294 2607 non
308 2549 535 2626 intelligendum,
549 2549 656 2605 efficere
670 2560 749 2625 potes
764 2568 876 2619 sensum
889 2551 1068 2625 perspicuum
1083 2559 1112 2603 et
1122 2550 1170 2603 vi·

111 2643 226 2713 vidum,
246 2641 325 2699 filum
341 2646 473 2701 Poematis
488 2656 516 2699 et
529 2661 687 2698 sermonem
703 2655 767 2717 apte
778 2660 935 2701 connexum
945 2640 1170 2717 precedentibus

112 2749 140 2792 et
152 2735 399 2813 subsequentibus,
410 2742 547 2792 Numeros
559 2733 722 2810 aequabiies,
734 2745 761 2788 et
773 2736 870 2789 ceteris
881 2734 1005 2809 ejusdem
1018 2740 1108 2789 Poeta
1119 2751 1172 2809 pa·

112 2828 200 2905 restet
211 2827 330 2893 similes;
346 2828 483 2904 deniquo,
499 2831 543 2884 cui
560 2826 630 2881 nihii
647 2826 683 2881 ab
695 2825 750 2883 ulia
766 2837 844 2903 parte
855 2825 938 2901 obJ'ici
954 2828 1055 2901 possit;
1072 2827 1172 2881 statim

112 2922 284 2993 exclamabo,
296 2924 405 2997 idpsum
417 2933 499 2996 atque
511 2921 577 2990 boc,
589 2940 646 2976 non
659 2922 712 2975 isto
724 2919 822 2988 modo,
835 2924 947 2975 Poetam
957 2921 1102 2994 scripsisse
1114 2936 1175 2974 ore·

113 3017 187 3072 dam.
200 3018 275 3088 Quid
292 3019 366 3073 enirn
383 3019 405 3071 si
421 3027 532 3070 centum
548 3014 663 3070 Codices
680 3015 854 3069 consentiant
869 3017 898 3069 iu
914 3013 970 3071 hoc
981 3010 1092 3086 Virgilii
1107 3010 1175 3069 loce

115 3110 220 3166 AEneid.
233 3115 297 3181 Vll,
313 3111 384 3180 5932

301 3216 376 3263 Multa
386 3218 448 3262 Deos
457 3230 572 3276 aurasque
581 3226 648 3276 pater
656 3224 753 3258 testatus
763 3215 856 3267 inanes,

303 3297 441 3357 Frangirnur
450 3292 498 3340 beu
506 3297 594 3349 ventis,
604 3294 693 3354 inquit,
705 3276 849 3354 ferimurqde
859 3290 972 3353 procella:

115 3417 187 3455 anno
199 3396 262 3453 ideo
273 3393 414 3451 dubitares
427 3396 456 3447 in
468 3397 632 3447 Contextum
643 3391 802 3460 admittere,
813 3410 846 3445 ex
857 3394 1030 3463 conjectura,

303 3506 376 3554 Murra
386 3509 449 3553 Deos
458 3521 556 3567 arasque
565 3517 632 3567 pater
641 3516 737 3552 testam
747 3505 845 3549 inanes?
856 3512 861 3532 ¹

150 3740 156 3760 ¹
176 3751 186 3770 ι
197 3729 308 3777 Addimus
320 3727 366 3775 boe
380 3725 517 3787 suffragium
527 3724 728 3776 membranarum,
740 3737 792 3783 quae
802 3719 928 3778 ilamburgi
938 3720 963 3762 in
972 3715 1121 3763 Bibliotheca
1131 3720 1182 3764 Ec-

115 3813 193 3864 cicsioe
202 3808 347 3858 cathedralis
355 3820 489 3861 tenantur,
504 3808 528 3851 in
538 3803 622 3866 quibus
630 3802 716 3848 diserte
725 3816 823 3863 arasque
833 3798 964 3846 exhibetur.
975 3819 985 3838 ι
1001 3799 1059 3843 Aer.
1070 3800 1179 3846 Eauntr.

121 3908 225 3955 17²9sp
237 3890 330 3938 381..-
340 3891 375 3935 De
384 3887 428 3934 hac
438 3886 539 3933 lenione
546 3883 599 3928 vide
608 3897 659 3942 quas
669 3881 699 3925 ab
708 3880 800 3941 lieynio
808 3889 956 3939 exponuntur
964 3878 988 3921 in
995 3878 1074 3924 Variis
1081 3879 1184 3926 Lectio.

119 3973 188 4019 nibus
198 3981 258 4019 nost.
269 3969 330 4016 Edit.
342 3981 398 4014 torn.
411 3968 457 4019 111,
467 3978 520 4025 pag.
532 3963 610 4023 31921
621 3959 673 4006 320.
692 3960 734 4005 Fu.
