2664 4816
364 370 957 442 aucuurronrsnnrronrs.
1128 361 1184 455 xitj

138 492 235 589 quale
248 497 286 560 in
300 491 478 563 scribendo
492 498 668 588 ingenium
680 499 892 589 praesentire,
911 523 974 567 nec
988 501 1107 571 inutile
1120 508 1182 587 sit,

137 611 453 707 neclinjucundum,
468 641 577 709 pauca
589 615 650 684 hic⁴
661 615 703 685 de
720 621 818 709 genio
833 621 999 702 Statiano,
1014 623 1183 715 inprimis·

140 732 257 825 quade
271 731 388 816 Silvis,
403 750 598 827 comparata
611 733 719 802 lecton
731 734 823 834 hand
837 732 978 803 moleste
994 737 1088 805 feret.

180 895 290 964 Dubia
303 919 444 988 prorsus
459 912 493 964 et
506 921 648 989 anceps,
666 896 720 964 vel
736 896 828 990 apud
840 898 1004 995 aequales,
1020 899 1124 972 fuisse
1140 909 1185 972 vi-

139 1013 234 1081 detur
252 1014 491 1110 fama{Papinii
508 1021 633 1102 nostri;
655 1016 702 1086 it'a
722 1034 760 1085 ut
779 1020 915 1088 eosdem
933 1044 1050 1089 versus
1070 1022 1126 1092 alii
1149 1027 1184 1093 in

139 1131 270 1202 laudem
284 1133 393 1219 illius,
413 1137 450 1202 in
465 1138 671 1231 vituperium
686 1135 743 1205 alii
760 1154 794 1205 et
815 1162 995 1206 censuram
1012 1159 1185 1210 converte-

139 1256 211 1322 rint.
232 1257 323 1322 Vere
337 1257 429 1323 enim
447 1272 481 1323 et
498 1280 540 1324 ex
557 1260 672 1325 animo
688 1255 812 1324 dixisse
830 1256 1030 1325 Juvenalem
1045 1259 1184 1352 quidam

139 1371 445 1455 contemnando.
459 1397 523 1454 vu,
538 1399 588 1443 vs.
604 1376 666 1455 82,

275 1509 395 1563 Con-itur
407 1511 441 1564 ad
453 1531 547 1566 rocem
554 1512 719 1584 jucundam,
731 1526 758 1567 at
769 1532 879 1566 carmen
891 1515 982 1566 amica

275 1607 443 1677 Thebaidos,
454 1609 540 1663 latam
551 1613 614 1664 feeit
627 1629 708 1684 quum
720 1611 818 1664 Statius
830 1610 924 1663 urbem
935 1623 986 1663 ete.

138 1731 373 1814 Dumatparaac
388 1727 463 1814 alii,
481 1746 515 1797 ot
531 1730 665 1796 satirico
686 1752 782 1796 more
797 1728 927 1797 dictum
943 1730 1135 1797 existimant
1151 1746 1184 1799 et

138 1848 409 1940 interpretantur.
427 1848 665 1940 Hypercriticas
676 1870 757 1916 vero
768 1845 913 1940 Scaliger
923 1849 1027 1934 (Poet.
1043 1848 1184 1934 V1)he⁴

138 1968 307 2034 micorum
318 1982 513 2060 poetamm,
532 1984 605 2036 tum
616 1972 834 2052 Latinorum,
854 1984 928 2036 tum
940 1970 1041 2037 etiam
1052 1971 1182 2036 Graeco

138 2105 227 2164 rum,
240 2083 337 2150 facile
349 2084 707 2178 principemaffirmat.
722 2082 833 2153 «Nam
846 2101 879 2153 et
890 2087 1045 2170 meliores,
1056 2089 1182 2182 inquit,

139 2226 239 2270 versas
247 2205 358 2294 jacit,
376 2228 479 2299 quam
495 2209 706 2273 Homerus.»
734 2207 877 2300 Utrique
897 2204 1019 2273 modus
1041 2205 1181 2286 excidit,

139 2344 197 2391 nec
208 2325 379 2393 immerito
390 2329 511 2393 Noster
521 2348 601 2392 cum
612 2322 726 2417 puella
737 2327 918 2395 Raciniana
929 2321 1148 2392 exclamaret:

631 2481 722 2511 1....
730 2464 758 2530 ja
771 2461 927 2512 n’ai'me'ritd

282 2581 293 2606 ι
307 2560 341 2611 Ni
353 2571 396 2610 cet
407 2560 483 2610 exeis
494 2555 654 2624 d'honneur,
668 2559 696 2608 ni
708 2570 776 2608 cette
786 2557 929 2625 indigniti!
942 2582 952 2604 ι

676 2657 862 2721 Bnrmnurcus,
873 2671 923 2707 act.
936 2658 975 2721 11,
988 2677 1024 2710 sc.
1037 2658 1062 2709 3.

140 2783 202 2846 Nec
213 2779 379 2872 aequiores
389 2776 442 2844 vel
454 2774 689 2869 prudentiores
701 2773 792 2866 apud
804 2797 866 2840 nos
879 2775 1097 2840 aestimatores
1111 2776 1180 2840 Sta·

139 2902 199 2968 tius
216 2901 355 2966 invenit.
372 2902 471 2965 Hunc
484 2896 621 2991 quidem
642 2898 676 2961 V
674 2896 784 2962 altaire
796 2898 904 2986 tangit
915 2893 1037 2975 obiter,
1056 2910 1090 2960 et
1105 2917 1179 2960 auc·

138 3021 230 3085 torita
236 3034 266 3085 te
280 3041 341 3084 sua
353 3015 515 3100 declarat,
530 3041 602 3084 aun
612 3030 815 3082 monstrueax
824 3018 994 3081 imitateur
1004 3013 1045 3081 de
1055 3011 1181 3080 l’lliade

142 3138 256 3206 «etde
277 3126 464 3205 l'Ene'ide.»
489 3138 602 3223 (Essai
619 3163 675 3202 sar
694 3137 725 3200 la
743 3137 853 3202 Poe'sie
873 3138 1000 3227 epiqae,
1021 3133 1070 3200 ch.
1094 3135 1181 3217 IV.)

138 3257 278 3351 Laltarpe
288 3272 403 3324 autem
418 3261 541 3349 (quem
555 3279 617 3347 ego
631 3255 827 3345 Quintiliani
840 3254 959 3320 Gallici
969 3256 1107 3321 nomine
1122 3278 1181 3347 ap-

138 3375 257 3464 pellare
275 3373 367 3474 haud
387 3373 555 3457 dubitem,
578 3373 680 3441 modo
697 3398 768 3440 non
787 3375 822 3439 in
841 3371 954 3440 literas
974 3373 1179 3465 antiquiores

136 3491 265 3587 longius
283 3499 457 3577 excurrat)
476 3493 703 3561 inconsultam
719 3493 822 3576 adeo,
841 3518 884 3560 ne
903 3492 1013 3560 dicam
1032 3496 1180 3585 ineptam

136 3616 223 3683 Statii
243 3618 452 3682 mentionem
472 3615 569 3696 fecit,
591 3629 630 3681 ut
649 3615 812 3696 Martiali,
837 3637 922 3708 quos
942 3612 983 3680 de
1009 3608 1181 3679 Thebaide

139 3759 251 3803 versus
265 3735 368 3803 modo
383 3734 606 3815 adduximus,
624 3734 811 3828 adscriptos
831 3732 990 3801 retulerit.
1013 3733 1128 3815 (Cours
1144 3733 1180 3800 de

137 3857 225 3924 litte'r.
239 3871 323 3951 part.
339 3862 374 3938 I,
390 3859 480 3952 clap.
503 3887 535 3924 ιι
551 3911 559 3938 ,
574 3872 642 3925 sect.
661 3863 711 3942 2.)

176 4011 344 4076 Caeterum
358 4007 696 4076 animadvertendum
715 4024 815 4099 puto,
836 4029 972 4072 omnem
986 4003 1078 4072 hunc
1095 4003 1182 4069 criti-

1254 1620 1264 1655 l
