2664 4816
212 370 291 435 xxiv
353 370 356 375 '
592 370 882 433 MARKLANDI

213 515 260 550 sus
271 491 378 564 nullus,
392 491 493 549 crebra
504 492 703 564 absurditates,
719 495 947 552 contradictiones
963 516 1020 552 non
1033 516 1141 575 pauca,
1156 517 1217 555 mos
1234 514 1263 558 et

213 590 376 665 compositio
388 588 501 642 minime
513 589 635 643 Poetiea:
648 587 783 666 denique,
795 592 871 649 otti.
888 592 960 662 ipsis.
974 592 1070 662 Atrox,
1082 594 1206 669 inquies,
1218 614 1263 650 ac·

213 685 331 738 cusatio:
346 693 373 736 et
388 691 429 737 est
447 699 525 746 sane;
543 682 592 737 sed
609 683 774 752 manedum,
790 689 902 751 Lector;
919 697 947 740 ct
962 686 1016 739 nisi
1029 686 1059 740 in
1075 688 1152 742 Notis
1163 705 1262 743 veram

211 777 373 852 praestitero,
386 795 444 831 non
453 775 610 845 intercedo,
622 795 678 853 quo
688 779 780 834 minus
792 776 1038 855 impudentissimis
1048 790 1075 834 et
1086 780 1263 838 mendacissi-

177 876 179 883 ’
211 871 265 924 mis
276 868 434 926 mortalium
446 889 491 925 me
502 887 655 926 accensens.
906 869 913 883 ’

248 1073 296 1128 His
310 1073 393 1148 igitur
403 1067 614 1125 difficultatibus
625 1071 713 1146 magis
726 1073 870 1142 incensus,
882 1070 975 1128 denuo
990 1071 1102 1129 adortus
1116 1092 1192 1140 sum;
1205 1073 1260 1130 hoc

210 1163 279 1236 line,
290 1176 322 1220 ut
330 1163 365 1219 ad
375 1181 487 1218 sensum
497 1172 524 1217 et
533 1164 707 1239 propositum
719 1166 844 1219 Auctoris
854 1183 966 1240 quoquo
976 1165 1059 1222 modo
1071 1169 1259 1243 pervenirem:

210 1277 324 1335 sperans
335 1257 396 1312 fore
408 1255 498 1339 (quod
511 1257 540 1311 iu
552 1255 612 1312 aliis
626 1257 792 1314 Auctoribus
804 1256 917 1313 solenne
928 1262 1090 1333 noveram),
1104 1271 1149 1331 ut,
1164 1263 1187 1315 si
1198 1279 1260 1316 rem

210 1351 408 1430 providissem,
417 1349 501 1406 verba
508 1360 535 1405 et
543 1369 614 1405 veras
620 1353 762 1405 Lectiones
770 1370 827 1406 non
837 1352 929 1406 invitas
939 1364 1132 1427 sequerentur;
1145 1351 1260 1409 diverse

210 1444 324 1522 quidem
341 1441 406 1511 illae,
424 1453 545 1499 attamen
562 1461 577 1497 a
593 1440 709 1517 vulgatis
726 1462 783 1498 non
803 1439 920 1498 multum
940 1443 1142 1521 discrepantes,
1159 1442 1259 1500 calami

210 1536 307 1594 saltem
326 1535 469 1604 ductibus,
487 1546 514 1591 et
533 1534 657 1611 apicibus
676 1533 818 1591 literarum
837 1535 1031 1593 alludentibus.
1048 1542 1097 1607 At,
1115 1538 1161 1593 Dii
1177 1537 1260 1608 boni,

210 1631 386 1707 quantumin
404 1629 456 1684 hac
472 1647 583 1705 quoquc
597 1640 674 1705 parte
690 1627 776 1684 falsus
794 1629 852 1684 fuit
869 1631 964 1687 Statim
979 1632 1053 1685 enim
1071 1629 1259 1707 deprehendi,

210 1744 266 1780 non
278 1743 341 1780 cum
358 1725 466 1800 punctis
479 1734 506 1778 ct
517 1721 641 1799 apicibus
653 1734 680 1776 et
694 1724 818 1779 minutiis
831 1723 906 1778 hisce
918 1725 1018 1778 criticis
1030 1742 1089 1778 rem
1101 1724 1171 1779 mihi
1183 1723 1260 1780 futu-

209 1835 269 1872 ram
277 1841 284 1881 ;
297 1816 346 1871 sed
361 1814 523 1871 debellanda
536 1833 595 1870 esse
611 1826 754 1869 umonstra
768 1814 920 1884 horrenda,
936 1815 1081 1886 informia,
1096 1818 1256 1892 ingentia„

210 1921 237 1965 et
252 1909 298 1982 (ut
308 1909 355 1965 lllc
367 1911 420 1983 ait)
436 1907 537 1984 quibus
554 1926 636 1963 omne
650 1908 738 1961 lunico
752 1911 894 1963 ademtam.
908 1913 971 1963 Non
988 1912 1062 1964 enim
1079 1907 1195 1980 leviter,
1211 1920 1261 1964 aut

209 2022 286 2059 more
298 2001 379 2058 solito
394 2005 422 2057 in
437 2001 480 2057 his
491 1999 578 2077 Sylvis
590 2011 717 2075 grassatae
729 2013 794 2055 sunt
808 2003 962 2076 ignorantia
976 2013 1003 2057 et
1014 2000 1175 2079 depravatio
1187 2027 1193 2056 2
1209 2001 1260 2056 scd

208 2099 332 2177 penitus,
348 2098 415 2152 etin
429 2099 497 2150 imas
510 2093 643 2150 medullas
656 2095 796 2150 descendit
810 2097 909 2171 pestis,
925 2115 983 2151 non
995 2098 1054 2152 sine
1064 2096 1141 2153 ferro
1151 2107 1180 2151 ct
1192 2115 1260 2151 cau·

208 2202 266 2246 tere
280 2188 464 2266 exstirpanda.
481 2189 587 2244 Notatis
599 2189 685 2261 igitur
699 2186 838 2243 nonnullis
851 2187 917 2243 locis
932 2206 993 2264 quae
1008 2208 1067 2243 non
1080 2186 1216 2258 intellexi,
1232 2202 1262 2245 et

207 2283 243 2338 de
255 2282 356 2360 quibus
368 2280 501 2337 siluerant
513 2286 693 2356 interpretes,
705 2278 815 2336 lectioni
826 2281 950 2348 Statianae
962 2278 1120 2357 diligentius
1130 2279 1260 2336 incubui:

208 2387 369 2453 experturus
386 2373 501 2446 scilicet,
516 2395 552 2431 an
567 2373 659 2430 lucem
676 2372 797 2450 aliquam
813 2373 866 2429 sibi
880 2376 933 2451 ipsi
947 2373 1096 2431 foeneraret
1110 2380 1191 2430 Vates
1205 2372 1260 2429 ob-

208 2471 389 2526 scurissimus.
403 2474 461 2523 Hoc
474 2468 584 2523 tandem
597 2465 682 2523 modo
694 2485 753 2522 sese
765 2469 886 2542 primum
900 2469 1022 2544 aperuit:
1038 2466 1127 2523 donec
1138 2464 1213 2521 aliud
1225 2484 1261 2522 ex

208 2560 262 2617 alio
271 2564 419 2637 arripiens,
432 2573 459 2615 ct
468 2562 584 2616 Statium
596 2559 648 2615 sibi
659 2561 711 2636 ipsi
722 2579 898 2636 comparans,
910 2559 1104 2615 adblandiente
1116 2557 1261 2635 profectu,

207 2656 237 2710 in
250 2654 323 2709 hanc
334 2655 541 2730 persuasionem
553 2652 728 2722 devenerim,
740 2663 772 2706 ut
784 2671 817 2708 ex
829 2653 985 2729 quingentis
997 2649 1064 2706 locis
1075 2670 1137 2727 qun
1148 2669 1206 2705 non
1217 2652 1262 2705 in-

207 2744 380 2817 tellexeram,
388 2750 446 2822 jam
456 2765 514 2802 non
526 2756 631 2801 restent
642 2743 837 2820 quadraginta,
848 2743 884 2799 de
896 2743 997 2819 quibus
1009 2742 1162 2820 desperem.
1237 2768 1239 2773 ·

245 2944 279 2996 Et
289 2938 337 2995 illa
347 2940 460 3017 quidem
471 2937 550 2994 lacile
560 2937 671 2994 tolerari
683 2949 711 2994 et
721 2936 780 2994 tolli
792 2948 943 3015 potuerunt
954 2937 1143 2993 Librariorum
1155 2945 1260 3004 emta,

209 3050 270 3110 quae
289 3032 472 3088 nascebantur
492 3050 525 3086 ex
545 3032 683 3108 positione
702 3031 778 3085 vocis
799 3027 915 3105 alicuius
935 3049 988 3106 pro
1006 3027 1114 3086 diversa
1135 3026 1261 3104 ejusdem

209 3129 384 3203 quantitatis,
393 3138 419 3181 et
429 3145 490 3203 quae
502 3125 537 3181 ab
549 3125 644 3181 eadem
653 3123 733 3179 litera
741 3125 880 3200 inciperet.
891 3121 999 3179 Planius
1009 3120 1122 3198 loquar:
1135 3120 1260 3177 Obviam

208 3219 275 3289 fuit,
287 3218 382 3275 saltem
394 3239 450 3275 non
463 3218 532 3275 adeo
544 3218 670 3290 difficile,
687 3236 771 3273 sensu
783 3218 937 3273 necessario
948 3214 1120 3293 postulante,
1134 3225 1160 3270 et
1171 3212 1261 3270 literis

208 3312 409 3389 preeuntibus,
426 3331 479 3389 pro
495 3325 521 3367 et
530 3315 637 3386 servent
651 3315 765 3386 compita
777 3313 908 3387 flammis,
928 3309 1094 3366 substituere
1110 3308 1261 3383 effalqent5

208 3424 261 3482 pro
276 3408 377 3462 verbm
392 3407 485 3474 cnido,
505 3408 606 3467 crebro3
623 3425 674 3483 pro
689 3408 763 3461 docto
778 3406 905 3471 numine,
922 3406 1026 3469 dextro,·
1044 3421 1095 3480 pro
1111 3403 1262 3456 admirante

209 3501 339 3565 Fortuna,
351 3502 501 3554 adversante
506 3522 515 3561 ,·
527 3517 579 3576 pro
590 3519 705 3554 menam
712 3538 721 3566 ‚
733 3502 860 3554 sedentem
867 3521 876 3560 ,·
889 3517 942 3574 pro
955 3515 1064 3550 munera
1075 3507 1185 3562 cessant,
1197 3513 1260 3548 ntu-

210 3611 273 3644 nera
286 3611 389 3654 census3
399 3611 452 3668 pro
463 3593 506 3646 Sic
518 3605 571 3647 tota
585 3613 646 3646 cum
660 3603 725 3649 veste
736 3593 804 3659 ruit,
818 3593 892 3646 Sicut
905 3602 961 3645 erat
972 3611 1033 3644 cum
1048 3599 1113 3644 veste
1124 3589 1193 3651 min·
1205 3604 1261 3662 pm

209 3685 295 3756 pudor
306 3686 365 3738 inde
376 3705 449 3742 novoe
463 3689 571 3755 mentis,
587 3691 706 3762 inqenuae
717 3689 824 3748 mentis·
840 3704 892 3762 pro
906 3697 966 3753 ant,
982 3686 1049 3736 atria
1056 3706 1065 3745 ,·
1079 3699 1130 3760 pro
1143 3681 1200 3749 illi,
1216 3681 1261 3733 hi-

212 3775 277 3836 lari,-
288 3794 340 3853 pro
349 3797 411 3830 cura
418 3817 428 3843 ,
440 3778 532 3841 culta,¹
543 3796 604 3854 qnae
615 3780 708 3833 omnia
720 3780 763 3851 (et
775 3775 863 3834 multo
874 3775 954 3854 plura
965 3776 1092 3852 possem)
1105 3792 1138 3828 ex
1148 3770 1261 3827 duobus

210 3868 349 3944 prioribus
363 3870 452 3927 Libris
467 3872 566 3928 harum
580 3872 724 3949 sylvarum
737 3874 873 3949 excerpsi:
887 3870 960 3938 haec,
977 3872 1102 3945 inquam,
1119 3877 1147 3922 et
1158 3863 1262 3921 similia

212 3981 267 4018 non
282 3961 401 4019 multum
417 3963 488 4022 forte
501 3954 604 4043 negotii
621 3966 786 4024 facesserent
800 3975 906 4021 attento
920 3965 1041 4030 Lectori,
1058 3973 1084 4017 et
1100 3961 1148 4036 qui
1165 3961 1261 4015 sensui
