2664 4816
469 392 724 461 rnnrnrro.
1035 407 1124 501 xxvij

72 542 113 578 res
122 521 281 599 aliquanto,
293 523 317 577 si
326 518 489 598 capitalibus
502 508 620 591 sennis,
631 539 741 593 mars,
753 544 859 589 risum
871 544 974 602 nenne,
986 548 1083 590 canta
1094 542 1125 593 ln

71 608 432 695 singullspaginieexempla
439 615 554 692 hujusce
562 620 670 691 generis
678 616 902 697 habebis;quum
909 639 1045 703 perpetuo
1053 650 1127 687 com·

70 723 193 769 mutetur
206 734 223 764 a
236 713 267 766 in
282 732 316 767 a:
327 712 383 765 ein
400 713 410 762 ι’
419 735 427 773 ‚·
441 712 498 766 oin
510 730 528 762 u
540 722 567 765 et
581 732 595 764 c
604 734 613 773 ‚·
628 734 646 766 ιι
658 715 686 767 in
702 716 742 766 ic:
756 725 783 768 et
794 712 837 768 lue
852 721 1024 776 omuesnice
1035 742 1124 783 versa.

70 807 178 862 dicein
192 807 201 856 i
214 815 242 858 et
255 814 345 859 cete:
361 803 479 858 cinset
491 803 517 856 l:
533 814 557 859 te
571 805 599 858 in
611 828 627 857 a
642 803 757 869 coaluit;
769 806 1125 884 uudeproserenamresti·

69 899 109 953 mi
120 906 263 964 serentes»,
278 896 333 951 hoc
347 906 404 964 est,
416 899 560 953 sedentem.-
576 909 671 951 contra
683 913 709 952 et
720 917 773 974 pro
785 920 819 962 ας
834 901 909 957 unde
919 909 971 980 pr’o
984 906 1125 981 bileferet,

67 991 123 1046 feci
131 991 203 1062 fero.
220 989 272 1046 aed
286 989 403 1066 hujusce
419 992 528 1065 generis
540 993 680 1067 precipua
693 1004 734 1046 est
751 996 887 1050 restitutio
902 994 956 1053 locl
970 997 1073 1075 sylvae.
1086 1008 1127 1075 ll,

66 1090 161 1140 Cim.
176 1087 211 1153 6,
225 1099 298 1138 vers.
314 1102 348 1154 ²7
363 1108 371 1136 τ

259 1194 308 1239 Nee
316 1194 381 1240 Paris
389 1190 500 1239 &balina
508 1192 560 1239 talis
569 1195 660 1239 visurus
669 1204 760 1241 amores

258 1279 366 1325 Rusticus
375 1280 461 1325 invisae
469 1276 556 1338 dejecit
565 1277 590 1323 io
599 1292 692 1341 equora
702 1278 787 1340 pinum

66 1377 120 1432 ubi
131 1376 222 1455 probo
234 1375 317 1432 scribi
329 1374 444 1445 debere,
459 1378 567 1431 Troasin
583 1378 677 1432 invises
688 1392 740 1454 pro
751 1380 876 1433 Raeticae.
889 1378 958 1433 Vide
969 1392 1063 1435 autem
1074 1384 1127 1438 ini·

67 1474 142 1525 tium
159 1482 186 1525 et
202 1487 382 1548 progressum
399 1469 483 1546 bujus
500 1467 613 1524 mendi:
634 1467 729 1524 ultima
745 1467 850 1547 syllaba
867 1475 893 1525 iu
913 1474 1012 1528 amissa
1027 1489 1086 1531 erat
1099 1478 1127 1532 in

66 1580 139 1619 vooe
153 1565 278 1639 proxime
292 1574 438 1639 sequente,
454 1565 565 1627 innisae,
580 1574 611 1615 ut
625 1578 697 1638 sepe
710 1561 756 1615 fit:
771 1560 837 1617 iude
850 1576 915 1618 troas
928 1582 1061 1643 ceperunt
1076 1590 1129 1646 pro

68 1658 152 1722 ciens,
161 1672 249 1731 quum
260 1652 403 1710 literarum
414 1650 571 1709 differentia
581 1653 611 1707 in
622 1653 674 1706 isto
685 1651 841 1708 charactere
851 1657 965 1713 minima
977 1663 1025 1728 sit,
1035 1672 1063 1715 et
1074 1665 1128 1720 nisi

67 1750 167 1827 petitis
181 1752 227 1804 vix
242 1748 447 1826 dignoscenda:
463 1748 624 1824 adjecerunt
638 1746 738 1802 deiude
751 1744 794 1801 vel
810 1764 842 1802 cx
859 1766 927 1804 voce
940 1752 1128 1827 praecedente,

67 1843 115 1900 cel
130 1865 163 1900 ex
180 1848 308 1920 ingenio,
324 1841 460 1920 syllabam
480 1864 540 1896 nu.-
559 1853 587 1896 et
604 1845 643 1897 sic
659 1844 860 1898 concinnarunt
878 1863 975 1899 vocem
992 1851 1127 1919 Busticm,
1209 1859 1213 1867 '

67 1958 134 2016 qua
145 1939 264 1994 absurda
276 1950 356 1994 estet
368 1936 460 1992 falsa.¹

111 2085 250 2142 lufiuitum
261 2097 347 2152 esset,
358 2087 380 2139 si
390 2086 484 2139 omnia
494 2085 523 2137 iu
533 2083 605 2138 banc
615 2101 673 2137 rem
683 2083 801 2138 dicenda
812 2103 990 2161 exsequerer:
1001 2087 1127 2144 desinam

70 2184 166 2255 igitur,
177 2182 201 2236 ei
210 2182 289 2257 prius
299 2188 432 2234 notavere
444 2175 518 2232 aliud
528 2175 695 2232 mendorum
707 2194 794 2251 genus
806 2196 837 2232 ex
849 2178 901 2233 hac
911 2184 1049 2258 precipue
1059 2186 1126 2238 seri·

68 2276 167 2350 ptione
177 2287 205 2329 et
215 2274 370 2328 charactere
382 2272 523 2349 profluens
533 2295 539 2324 ε
551 2271 605 2325 hoe
616 2283 674 2340 est,
688 2288 776 2346 quum
788 2284 853 2326 tota
863 2290 961 2342 voces,
974 2293 1030 2329 non
1044 2273 1128 2332 litera

69 2377 179 2421 tantum
191 2384 246 2420 uua
258 2361 394 2432 etaltera,
406 2382 458 2439 pro
470 2361 529 2416 aliis
543 2361 762 2417 substituuntur:
776 2380 832 2418 non
845 2368 913 2438 quin
927 2378 953 2419 et
965 2368 1127 2442 antiquiori·

68 2459 124 2514 bus
133 2459 237 2528 Libris,
249 2471 277 2514 et
286 2456 372 2512 literis
383 2453 543 2529 majusculis
553 2456 677 2531 scriptis,
687 2456 741 2509 boc
752 2472 805 2510 usu
815 2460 934 2521 veneriti
945 2459 993 2513 sed
1003 2479 1059 2515 nou
1069 2474 1126 2516 tam

68 2551 241 2627 frequenter,
258 2561 379 2604 nectam
396 2546 468 2602 facili
484 2550 585 2604 erroris
602 2551 752 2603 occasione.
766 2552 877 2625 Quippe
890 2551 1026 2607 interdurn
1040 2561 1127 2611 Inter·

68 2643 226 2722 polatores‚
246 2643 384 2698 interdum
405 2642 568 2696 festinantes
587 2641 718 2707 Librarii,
737 2660 855 2716 quorum
874 2642 950 2698 lucro
967 2658 1023 2700 crat
1041 2646 1126 2704 libros

68 2758 155 2814 quam
169 2737 314 2793 celerrime
327 2735 528 2803 transcribere,
544 2754 631 2810 quum
643 2738 714 2788 nacti
729 2749 819 2789 essent
836 2737 981 2814 Exemplar
994 2738 1125 2816 aliquod,

67 2833 117 2886 vel
136 2830 223 2886 literis
241 2828 405 2885 minusculis
419 2841 447 2883 et
465 2827 737 2893 abbreviationibus,
757 2826 800 2882 vel
819 2841 953 2884 vetustate
971 2845 1019 2886 aut
1037 2834 1126 2891 multo

68 2945 125 2981 usu
137 2937 164 2980 et
176 2944 311 2981 manuum
321 2926 484 2979 tractatione
495 2922 653 2990 obscurius,
665 2942 723 2976 non
736 2942 846 2997 semper
858 2924 922 2979 fidei
936 2925 1064 2994 litabaut;
1077 2930 1126 2985 sed

67 3019 229 3097 posthabita
244 3022 328 3075 veteri
344 3032 371 3074 et
384 3038 449 3073 vera
463 3021 608 3086 Lectione,
626 3020 670 3071 cui
685 3017 847 3091 indaganda
863 3017 977 3094 aliquod
994 3029 1125 3100 temporis

68 3114 143 3168 forte
153 3125 223 3168 esset
232 3112 447 3179 insumendum,
459 3109 539 3165 aliam
550 3111 585 3166 de
595 3130 646 3165 suo
657 3111 768 3185 benigni
781 3113 984 3187 impingebant;
998 3117 1033 3171 de
1043 3136 1125 3173 sensu

68 3208 177 3274 securi,
191 3205 275 3261 modo
290 3226 325 3261 ne
338 3204 489 3260 violaretur
502 3219 639 3273 metrum,
654 3219 680 3259 et
694 3204 891 3281 exemplarium
906 3228 1021 3266 suorum
1035 3228 1125 3269 venti·

68 3312 135 3354 stes.
148 3303 206 3353 lloc
217 3313 312 3355 autem
325 3299 409 3355 semel
422 3299 560 3369 admisso,
576 3319 648 3376 saepe
659 3300 773 3368 accidit,
788 3312 819 3354 ut
831 3301 937 3378 reliqua
949 3324 1012 3381 pars
1026 3325 1124 3363 versus

68 3391 242 3447 immutanda
257 3405 342 3460 esset,
359 3404 390 3447 ut
408 3411 521 3448 sensum
536 3393 687 3448 inductitias
701 3397 760 3448 voci
777 3410 976 3469 congruentem
995 3399 1123 3455 liaberet:

67 3504 126 3561 quo
137 3496 234 3560 pacto,
247 3503 325 3540 error
336 3504 408 3540 unus
419 3485 626 3562 lnterpolatoris
636 3486 680 3541 vel
693 3488 808 3543 Librarii
821 3509 916 3545 ansam
928 3492 1004 3546 dedit
1015 3493 1125 3552 (luobus

67 3574 112 3630 vel
130 3575 219 3631 tribus
236 3574 353 3631 aliorum
366 3579 394 3631 in
407 3578 504 3633 eodem
519 3598 610 3633 versu.
626 3582 696 3634 lluic
712 3581 867 3637 Scribarum
882 3584 1065 3656 festinationi,
1082 3588 1124 3645 vel

67 3667 299 3744 interpolatorum
312 3670 449 3740 audacias,
464 3671 572 3742 refero,
587 3672 662 3747 quod
674 3672 747 3749 Sylv.
764 3681 791 3745 l,
808 3697 839 3740 a,
853 3697 905 3752 pro
919 3692 976 3732 cesta
987 3701 1124 3756 precesque

102 3845 107 3864 ¹
125 3839 153 3881 ln
163 3853 221 3898 quas
234 3836 345 3884 lectiones
354 3842 441 3894 varias,
454 3841 631 3887 emendationes
641 3856 663 3888 et
677 3843 794 3889 literarum
809 3847 950 3893 titulationes
964 3852 1073 3913 ampliora
1088 3853 1122 3897 le-

66 3932 123 3974 ,ποτε
137 3918 156 3962 si
170 3916 241 3972 velis,
257 3918 295 3964 adi
309 3916 378 3978 bajus
390 3918 513 3967 voluminis
529 3936 582 3985 pag.
595 3922 654 3976 260;
666 3923 698 3966 ibi
712 3923 778 3984 plura
793 3927 898 3973 invenies
915 3929 1018 3991 exempla
1034 3949 1045 3976 a
1061 3935 1123 3978 Mar-

65 3998 155 4044 lslando
164 3998 256 4044 erudite
266 3999 373 4045 adducta.
392 4003 434 4047 liu.

953 4115 980 4156 B.
