2664 4816
134 365 221 459 xxxij
512 368 803 433 MARKLANDI

134 499 157 550 si
170 513 227 549 uon
241 498 333 571 ipsum
347 496 479 561 Statium,
494 512 606 549 sensum
621 505 712 550 tamen
729 493 839 570 vulgato
852 497 1007 571 potiorem,
1021 506 1049 550 et
1061 499 1140 571 cuius
1153 500 1182 550 in

134 590 212 645 Notis
227 592 361 644 rationem
375 588 505 657 reddam,
521 607 591 664 quas
607 591 744 665 quianon
758 592 847 645 otium
864 601 912 644 aut
924 590 1034 643 animus
1048 587 1100 643 tibi
1113 588 1184 644 forte

133 681 218 738 luerit
233 681 412 752 consulendi,
427 684 509 736 statui
525 682 579 737 hoc
592 694 674 759 pacto
693 682 820 738 decidere
831 701 895 737 cum
909 680 1015 737 deliciis
1030 694 1058 736 et
1073 680 1185 736 fastidio

134 788 193 832 tuo.
203 781 283 831 Exue
295 777 346 832 bos
356 775 423 831 fines
434 778 456 831 si
468 794 511 830 me
520 788 683 850 evagantem
693 795 816 852 uuquam
825 775 1053 852 deprehenderis,
1064 776 1185 850 injicias,

135 889 240 948 quaeso,
254 889 381 939 manum,
393 872 460 924 etin
472 871 546 925 viam
558 869 687 937 reducas3
700 869 799 926 leniter
810 882 901 925 tamen
914 881 940 925 et
952 872 1012 925 sine
1023 868 1186 939 acerbitate,

102 992 105 1003 ·
133 976 216 1043 prout
229 963 308 1019 decet
320 969 463 1019 Musarum
474 982 531 1018 non
543 962 627 1020 duelli
639 975 666 1018 et
678 964 823 1019 discordiae
835 965 918 1018 sacris
930 974 1059 1039 operatos
1071 986 1078 1015 e
1093 980 1186 1038 neque

134 1056 223 1126 enim,
235 1056 257 1110 si
268 1052 405 1111 calculum
415 1066 487 1109 recte
496 1074 597 1132 ponas,
610 1057 677 1110 tanti
690 1069 755 1110 sunt
765 1053 973 1111 allucinationes
984 1072 1065 1145 meaee
1078 1066 1108 1109 ut
1119 1072 1185 1129 pro·

135 1159 227 1224 pterea
240 1160 272 1204 tu
286 1148 486 1203 humanitatem
499 1167 597 1212 exuas;
613 1161 640 1204 et
651 1146 734 1225 longe
747 1163 811 1205 ante
823 1149 872 1205 tibi
887 1148 1038 1217 denuntio,
1053 1150 1133 1204 sime
1146 1167 1187 1203 er·

135 1252 242 1295 rantcm
254 1242 409 1316 coargueris
421 1260 452 1296 er
464 1243 571 1298 ratione
582 1243 622 1296 rei
634 1253 662 1296 et
671 1253 795 1297 veterum
807 1241 1017 1297 auctoritatibus
1028 1241 1188 1318 (quomodo

135 1347 227 1391 tecum
245 1335 325 1413 ego),
344 1352 390 1390 me
408 1337 500 1411 primo
518 1339 622 1393 iutuitu
639 1355 738 1394 manus
756 1338 908 1408 daturum,
925 1350 953 1393 et
969 1337 1110 1394 laesurum
1128 1338 1189 1393 aine

135 1428 222 1504 flagro
236 1439 264 1482 et
277 1425 455 1494 verberibus,
467 1448 528 1505 quae
540 1427 637 1505 procul
649 1443 837 1486 amoventora
849 1428 1007 1486 liberalibus
1019 1428 1187 1506 disciplinisr

136 1522 165 1575 in
177 1519 278 1597 quibus
290 1522 459 1598 quicumque
471 1524 590 1598 ingenue
601 1535 735 1595 versatur,
748 1526 815 1579 civis
827 1529 966 1580 Romanus
978 1534 1028 1578 est.
1040 1527 1073 1578 Et
1084 1521 1153 1599 quid
1164 1524 1189 1578 si

136 1630 188 1688 ego
203 1615 370 1669 erraverim?
383 1617 446 1691 quis
460 1614 514 1670 boc
528 1635 600 1671 ame
612 1618 710 1692 exigit,
724 1629 771 1672 eut
783 1616 896 1693 quando
913 1618 1028 1693 promisi
1043 1615 1189 1686 futurum,

136 1718 168 1763 ut
180 1727 324 1784 nunquam
337 1706 464 1764 fallerer?
477 1730 514 1765 an
527 1713 550 1765 si
565 1709 659 1766 decem
671 1709 739 1766 locis
753 1712 799 1785 (ut
810 1713 944 1767 Gronovii
955 1711 1047 1766 verbis
1059 1711 1136 1783 utar)
1147 1723 1190 1766 ter

134 1800 314 1874 excidisscm,
325 1801 422 1860 malles
433 1815 463 1860 tu
472 1805 573 1880 septies
584 1803 652 1860 falsa
661 1816 688 1860 et
698 1805 817 1861 obscura
826 1803 944 1860 lectione
955 1806 1092 1881 torqueri,
1104 1823 1190 1879 quam

134 1908 192 1951 tres
201 1896 270 1952 mihi
281 1895 374 1974 lapsus
384 1909 411 1952 et
422 1909 577 1953 monstrare
586 1910 614 1954 et
623 1899 796 1954 condonare?
804 1918 876 1968 non,
887 1901 1000 1976 opinor;
1012 1901 1036 1953 si
1045 1897 1191 1953 hominem

137 1999 165 2045 te
181 1992 347 2049 memineris.
362 1995 436 2046 Neve
452 1990 512 2047 haec
527 1993 611 2066 gratis
628 1989 700 2048 dicta
717 2003 811 2068 putes,
827 1993 878 2048 hac
890 1993 1034 2047 occasione
1046 2002 1192 2066 stuporem

139 2100 231 2137 meum
244 2080 316 2138 ultro
328 2101 463 2158 agnose0;
478 2085 526 2158 qui
540 2082 594 2138 alio
606 2082 749 2159 opusculo
763 2084 863 2161 (Epist.
874 2085 965 2139 Critie.
981 2103 1010 2159 p.
1023 2084 1073 2155 39)
1088 2085 1116 2137 in
1128 2082 1192 2138 loco

87 2198 90 2203 ⁴
138 2180 167 2231 L
182 2175 255 2232 Flori
273 2180 313 2247 ll,
329 2197 360 2243 a,
375 2195 443 2252 pro,
460 2175 605 2232 «Africam
621 2188 648 2233 et
665 2181 756 2255 Syrtes
773 2179 900 2233 omnium
919 2180 1034 2255 imperia
1050 2179 1193 2253 gentium,

138 2268 293 2326 insularum
307 2268 388 2324 litora
399 2269 549 2346 replevit,»
562 2269 702 2346 legebam:
719 2275 832 2348 uSyrtes
844 2283 871 2326 et
883 2275 1010 2327 omnium
1024 2274 1054 2326 in
1070 2290 1104 2327 eo
1121 2274 1194 2326 mari

136 2364 286 2437 jacentium
298 2360 450 2418 insularum
461 2360 554 2429 litora;
566 2387 577 2411 ι
593 2383 681 2439 quum
692 2382 792 2419 verum
801 2376 885 2434 esset,
901 2367 1015 2439 «syrtes
1028 2374 1056 2419 et
1066 2366 1195 2419 omnium

141 2457 359 2530 interjacentium
381 2453 536 2511 insularum
559 2455 682 2520 litora;»
710 2469 794 2534 prout
817 2475 862 2511 me
884 2457 1000 2512 comiter
1022 2467 1196 2511 monuerunt

141 2551 243 2605 summi
261 2552 313 2604 viri
332 2551 492 2605 Franciseus
510 2555 581 2606 llare
596 2563 622 2605 et
641 2550 772 2605 Ricardus
791 2548 943 2619 Rentleius,
962 2562 989 2604 et
1007 2548 1132 2604 eruditus
1149 2550 1196 2603 vir

142 2644 238 2702 Daniel
251 2645 405 2717 Walterus,
421 2659 497 2703 tutor
510 2646 576 2703 olim
592 2666 688 2703 meus:
706 2647 809 2724 quibus
822 2649 890 2702 viris
904 2647 1150 2722 prestantissimis,
1165 2660 1196 2700 et

143 2741 212 2810 boc,
225 2751 252 2796 et
263 2738 357 2796 multis
369 2738 429 2795 aliis
439 2741 614 2810 nominibus,
626 2740 791 2797 obstrictum
803 2760 847 2796 me
857 2740 981 2818 profiteri
990 2739 1106 2816 gaudeo.
1116 2737 1196 2792 idern

141 2832 248 2888 dictum
259 2832 325 2889 volo
336 2833 371 2888 de
382 2832 444 2889 loeo
455 2836 594 2890 Ciceronis
604 2833 639 2888 dc
648 2839 710 2889 Nat.
722 2838 805 2889 Deor.
817 2839 868 2900 ΙΙΙ,
882 2835 935 2901 35,
947 2831 996 2888 ubi
1006 2851 1057 2908 pro
1073 2833 1121 2886 «vi
1132 2842 1199 2884 tim·

141 2929 243 3004 penitis
253 2945 321 3003 rogo
330 2925 422 2983 illatus
432 2939 506 2996 est,·
520 2925 659 3002 legebam:
677 2930 728 2983 «in
738 2926 933 3004 triumphantis
943 2939 1006 3002 toga
1016 2923 1102 2981 clatus
1115 2935 1170 2987 est3
1180 2950 1193 2974 ι

143 3019 219 3097 quod
231 3017 333 3091 falsum
344 3032 399 3089 est,
413 3039 500 3096 quum
513 3020 548 3075 dc
560 3023 694 3096 Dionysio
706 3018 797 3076 Siculo
809 3039 899 3076 sermo
912 3018 972 3089 liat,
985 3020 1029 3074 cui
1044 3036 1101 3074 non
1116 3035 1197 3072 com·

143 3116 213 3191 petit
224 3126 301 3189 toga,
313 3133 374 3191 quar
385 3120 571 3170 Romanorum
581 3127 630 3172 est.
644 3115 696 3173 Sed
707 3113 744 3170 ad
754 3134 822 3171 rem.

183 3311 222 3360 Dc
232 3305 372 3381 prioribus
385 3307 483 3363 barum
494 3308 639 3386 Sylvarum
651 3308 810 3363 Editoribus
821 3325 921 3384 parum
930 3305 1038 3374 dicam,
1050 3323 1086 3359 ne
1098 3320 1198 3358 eorum

144 3401 373 3454 existimationem
386 3419 467 3470 vero,
481 3417 528 3458 aut
541 3405 595 3457 mei
608 3404 696 3478 ipsius
711 3399 781 3456 falso
792 3401 899 3477 judicio
915 3399 1019 3454 ladam.
1033 3403 1091 3453 lloc
1105 3395 1200 3452 solum

145 3490 255 3545 audebo
273 3490 381 3561 dicere,
401 3511 448 3548 eos
469 3496 552 3548 nimis
574 3491 744 3568 negligenter
762 3493 827 3547 huie
846 3489 1002 3552 assiluissc;
1021 3488 1090 3543 dum
1109 3508 1200 3543 unum

145 3585 270 3659 quemvis
281 3582 374 3640 locum
383 3588 545 3663 arripientes
555 3590 583 3642 in
593 3605 649 3662 quo
659 3584 750 3663 aliqua
759 3599 829 3640 esset
839 3584 970 3641 Codicum
981 3595 1027 3637 aut
1036 3581 1200 3636 Editionum

145 3676 338 3752 discrepantia,
346 3678 411 3733 huic
419 3682 466 3734 uni
475 3681 632 3734 catervatim
641 3678 879 3746 incubuerunt,de
887 3678 983 3731 decem
991 3672 1201 3730 obscurioribus

147 3781 173 3824 et
184 3768 423 3843 depravationbus
432 3775 535 3840 securi,
548 3781 575 3825 et
584 3789 621 3825 ne
632 3769 748 3825 verbum
759 3769 872 3846 quidem
884 3768 1024 3824 facientes.
1036 3765 1111 3837 Quid
1123 3764 1201 3820 aliud

147 3882 229 3938 qnam
243 3862 409 3937 negligentes
426 3868 515 3938 (viros
532 3862 598 3920 alias
612 3865 800 3936 acutissimos)
813 3865 928 3933 dixeriS,
942 3865 990 3938 qui
1007 3861 1110 3916 centies
1127 3858 1202 3913 forte

149 3952 306 4030 relegerunt
321 3955 412 4013 locum
425 3959 567 4025 Auctoris,
582 3959 610 4011 in
623 3975 678 4032 quo
691 3970 792 4013 matres
807 3959 836 4011 in
851 3955 926 4011 luctu
938 3955 1069 4010 dicuntur
1075 3955 1148 4026 ferre
1162 3957 1201 4005 ci·
