2664 4816
78 414 80 420 .
134 359 189 424 xiv
534 353 779 418 PRAEFATIO

135 506 253 550 corum
269 484 432 574 impetum
446 483 481 547 in
497 462 601 548 unam
617 479 802 546 Thebaidem
819 479 1043 562 deferbuisse,
1060 505 1124 548 nec
1138 497 1182 548 at·

136 604 250 694 tigisse
270 600 407 695 quidem
424 599 479 668 vel
497 601 696 684 Acbilbida,
716 599 770 670 vel
790 599 912 683 Silvas,
935 624 1003 694 quo
1022 603 1058 668 in
1079 624 1182 694 opere

141 746 324 815 «cuperem
346 723 411 808 (ait
433 723 479 788 M.
504 725 624 788 Antan.
645 721 860 809 Sabellicus),
883 723 1025 789 Statium
1044 745 1182 814 operam

138 864 273 909 omnem
285 840 432 908 locasse:
448 838 533 906 nihil
545 856 596 908 est
607 842 697 907 enim
713 838 779 907 illis
796 837 992 920 amabilius,
1008 837 1181 920 floridius,

137 961 310 1054 magisque
322 960 503 1051 poeticum.
518 991 531 1020 ι

183 1138 247 1206 Sed
268 1142 383 1229 ipsum
403 1161 495 1205 nuno
518 1138 689 1206 Handium
710 1139 905 1234 loquentem
925 1137 1113 1206 audiamus.
1136 1142 1185 1205 Ea

138 1274 219 1324 sunt
228 1258 292 1323 viri
303 1254 494 1347 politissimi
506 1256 623 1338 verba,
638 1259 673 1323 iu
686 1256 810 1350 quibus
821 1272 894 1323 tum
910 1272 1079 1349 praecepta
1092 1280 1185 1351 quae·

137 1375 216 1442 dam
231 1375 273 1443 de
289 1400 325 1442 re
338 1377 453 1442 critica
464 1375 545 1443 binc
558 1392 592 1443 et
608 1375 688 1443 iude
701 1372 855 1468 subjicit,
874 1392 950 1442 tum
968 1374 1011 1442 de
1031 1377 1135 1443 Statio
1153 1391 1187 1442 et

138 1494 210 1588 ejus
226 1500 414 1588 praesertim
427 1496 524 1564 Silvis
538 1501 717 1588 sagaciter,
732 1513 771 1565 ut
785 1497 887 1581 solet,
907 1514 941 1566 et
957 1496 1108 1566 modeste
1127 1495 1188 1564 ad-

139 1612 279 1681 modum
292 1613 437 1681 disserit.

201 1779 394 1854 aUuivcrsa,
415 1780 535 1862 inquit,
556 1781 630 1840 artis
652 1793 804 1864 praecepta
825 1800 1017 1862 quamquam
1038 1779 1130 1839 etiam
1156 1781 1190 1839 in

160 1877 258 1959 poetis
276 1878 395 1938 Latinis
411 1877 578 1939 tractandis
593 1879 734 1938 criticum
752 1892 857 1939 tenere
870 1890 1012 1961 oportet,
1030 1888 1134 1936 tamen
1156 1890 1192 1936 ut

161 1996 271 2041 omnes
283 1977 330 2036 sui
345 1976 441 2037 officii
459 1991 561 2061 partes
574 1977 718 2060 impleat,
737 1979 764 2038 ei
779 1991 852 2038 ante
865 1979 973 2038 omnia
987 1974 1192 2058 quarendum

161 2086 207 2133 est
219 2072 257 2133 de
270 2076 422 2151 auctoris,
442 2095 534 2155 quem
554 2074 612 2135 sibi
631 2075 740 2156 elegit,
755 2075 886 2156 iugenio
899 2070 1025 2155 ejusque
1038 2070 1193 2133 scribendi

162 2191 281 2251 genere.
297 2173 377 2231 Nam
391 2172 572 2233 Graecorum
582 2185 751 2254 poetarum
765 2172 902 2254 optimus
916 2171 1064 2252 quisque,
1077 2184 1113 2229 ut
1126 2189 1194 2230 non

162 2265 269 2328 alienis
281 2271 410 2345 caussis,
425 2269 477 2329 sed
490 2260 586 2355 ipsius
598 2284 717 2330 naturae
731 2270 934 2329 incitamento
947 2266 1116 2348 impulsus,
1128 2288 1197 2326 scu·

164 2383 232 2423 sum
251 2362 373 2446 pulchri
392 2378 422 2424 et
438 2363 579 2441 bonesti,
598 2365 684 2446 quod
699 2368 732 2424 in
747 2366 894 2425 omnibus
913 2363 1004 2424 rebus
1018 2385 1118 2422 unum
1135 2377 1196 2437 est,

164 2462 264 2522 verbis
284 2465 362 2545 aptis
382 2463 524 2524 ethonis
544 2465 712 2545 exprimere
730 2463 865 2538 solebat,
886 2464 929 2521 ita
950 2482 1074 2534 omnes,
1096 2481 1197 2541 quum

164 2560 306 2642 linguam
325 2562 363 2621 ad
384 2562 505 2644 regulas
522 2561 769 2638 conformatam,
793 2573 951 2641 artemque
968 2560 1056 2618 certis
1076 2557 1198 2639 legibus

122 2708 125 2715 .
166 2658 431 2739 circumscriptam
451 2657 620 2733 baberent,
645 2679 708 2739 quo
735 2658 865 2739 propius
893 2657 933 2716 ab
958 2656 1054 2737 ipsius
1077 2668 1198 2714 naturae

166 2757 292 2816 veritate
301 2756 448 2832 aberant,
458 2779 494 2818 eo
506 2759 604 2839 magis
613 2777 813 2817 communem
823 2757 978 2815 rationem
991 2751 1199 2827 adhibebant,

167 2850 337 2933 iisdemque
356 2853 473 2933 ingenii
491 2851 658 2912 virtutibus
675 2849 818 2912 excellere
836 2850 1011 2932 cupiebant.
1035 2850 1073 2906 At
1093 2849 1199 2907 Latini

168 2949 204 3009 iis
217 2948 345 3030 quidem
358 2936 568 3032 lemporibus,
582 2949 636 3008 ubi
650 2963 750 3030 poetae
764 2947 924 3031 disciplina
938 2960 969 3006 et
982 2944 1084 3006 studio
1099 2943 1200 3006 infor·

167 3045 245 3105 mari
259 3059 431 3128 coeperant,
445 3045 572 3106 diversis
587 3046 698 3106 caussis
713 3043 854 3119 deducti,
867 3042 900 3103 id
913 3044 1124 3124 maximopere
1138 3062 1201 3124 spe·

168 3140 311 3218 etabaut,
325 3157 377 3219 ut,
391 3145 542 3226 quoniam
554 3142 708 3226 plurimas
717 3163 765 3202 res
776 3142 816 3202 ab
828 3141 894 3201 aliis
906 3152 1063 3214 tractatas,
1077 3151 1108 3198 et
1118 3139 1202 3220 ipsas

169 3258 298 3322 poeseos
312 3239 395 3321 leges
405 3243 583 3321 antiquatae
592 3241 827 3315 existimabant,
843 3239 934 3299 novis
951 3237 1064 3298 formis
1081 3237 1201 3316 ingenii

170 3335 349 3397 facultatem
368 3351 553 3412 exacuerent,
574 3351 603 3397 et
622 3337 646 3398 si
664 3336 724 3398 hac
738 3335 873 3398 destituti
891 3335 1026 3409 fuerint,
1045 3333 1204 3393 inusitatis

170 3432 308 3494 artificiis
329 3434 585 3516 approbationem
608 3434 667 3494 sibi
688 3435 899 3517 impetrarent.
920 3432 1014 3510 Quod
1034 3431 1137 3490 nescio
1160 3452 1204 3490 au

170 3529 261 3593 nulio
271 3532 480 3593 commodiori
497 3531 637 3614 exemplo
652 3531 856 3593 demonstrari
875 3531 973 3613 possit
986 3550 1081 3611 quam
1093 3529 1203 3588 carmi-

171 3627 266 3688 nibus
279 3630 402 3712 Papinii
416 3629 522 3690 Statii:
543 3652 617 3690 nam
631 3632 692 3690 uisi
707 3652 750 3691 eoe
765 3650 827 3706 res,
842 3648 912 3710 quoe
926 3626 1001 3697 huic
1016 3638 1116 3708 poetae
1129 3647 1204 3708 pro-

80 3732 82 3736 “
171 3725 249 3807 price
260 3743 347 3803 sunt,
359 3741 499 3789 accurate
508 3727 755 3802 considerentur,
766 3727 910 3810 plurimis
922 3728 955 3785 in
966 3725 1043 3784 locis
1052 3725 1204 3804 scriptura

172 3835 311 3882 veterum
332 3823 486 3886 librorum
508 3838 673 3907 corrupta,
693 3839 748 3886 aut
770 3824 838 3885 aliis
861 3824 1042 3884 nominibus
1066 3836 1206 3903 suspecta

172 3920 335 3981 videbitur.
353 3923 457 3999 Quare
470 3946 529 4006 ego
544 3945 670 4005 quoque
685 3926 719 3983 iu
736 3923 845 4005 primis
860 3943 987 4006 operam
1001 3921 1089 3996 dedi,
1109 3934 1145 3979 ut
1159 3941 1205 3978 as-

173 4015 260 4079 sidua
274 4016 407 4080 lectione
420 4040 486 4082 non
502 4032 626 4081 tantum
640 4040 732 4079 asum
745 4020 914 4080 verborum
934 4020 968 4079 in
987 4017 1073 4078 Statii
1093 4017 1207 4076 carmi·
