2664 4816
122 357 200 452 xviij
529 356 772 422 naariam

142 509 192 550 vus
205 485 413 570 appellabant.
428 483 514 545 Olim
523 504 659 564 namque
671 483 798 545 maximi
810 483 927 564 quique
941 494 1057 565 poetas,
1072 504 1171 565 quum

143 585 183 647 ad
190 584 308 668 justum
320 581 449 663 aliquod
465 602 578 664 poema
593 578 791 642 scribendum
807 582 950 640 animum
965 580 1172 662 appellerent,

142 683 280 767 primum
296 691 398 740 totam
413 678 576 738 materiam
596 676 725 737 rudibus
744 688 775 737 et
792 677 896 737 subito
914 674 1020 736 effusis
1035 678 1172 738 versibus

143 778 350 860 designabant
365 801 371 836 :
395 790 426 838 et
444 774 521 850 hoc,
541 775 583 836 ob
597 774 811 836 rudimentum
825 775 943 857 operis,
958 773 1071 836 Silvam
1084 794 1174 835 voca·

144 878 237 952 bant,
251 876 336 959 quod
355 875 469 935 scilicet
484 873 581 935 multa
599 875 632 934 iu
653 875 690 935 iis
708 873 810 935 adhuc
827 874 918 935 rudia
936 886 966 935 et
984 873 1174 935 luxuriantia

145 973 338 1057 amputanda
357 985 388 1032 et
407 971 640 1033 averruncanda
660 971 773 1037 forent.
795 971 1026 1049 Quintilianus,
1049 970 1105 1031 lib.
1127 972 1174 1046 X,

144 1092 210 1155 cap.
225 1071 264 1130 3:
282 1069 472 1129 «Diversum
490 1083 536 1129 est
555 1066 630 1131 huic
646 1088 756 1131 eorum
771 1070 901 1143 vitium,
921 1069 975 1148 qui
998 1067 1101 1149 primo
1125 1065 1176 1127 de·

143 1188 266 1231 currere
279 1188 335 1249 per
349 1169 511 1228 materiam
533 1167 604 1229 stilo
620 1189 716 1249 quam
729 1167 923 1228 velocissimo
937 1165 1070 1242 volunt,
1088 1177 1118 1227 et
1132 1184 1174 1226 se·

144 1275 274 1347 quantes
291 1262 429 1323 calorem
442 1275 535 1344 atque
552 1267 719 1345 impetum,
737 1260 1080 1345 extemporescribun13
1094 1258 1176 1320 hanc

146 1360 259 1424 Silvam
270 1374 384 1421 vocant
396 1382 403 1420 ι
419 1374 563 1443 repetunt
574 1359 703 1436 deinde,
717 1374 747 1421 et
758 1369 967 1441 componunt,
978 1377 1047 1438 quas
1058 1355 1176 1417 effude-

146 1470 227 1520 rant.
239 1483 254 1514 η
270 1458 317 1519 lta
332 1479 432 1540 quum
448 1460 650 1521 Grammatici
666 1461 756 1520 aiunt
767 1457 935 1539 Virgilium
946 1455 1062 1515 multos
1073 1474 1178 1515 versus

147 1555 304 1615 matutino
317 1554 418 1616 calore
429 1556 590 1631 effudisse,
605 1577 684 1637 qnos
696 1555 916 1639 pomeridianis
930 1553 1016 1614 horis
1032 1572 1118 1613 novo
1128 1550 1178 1632 jn-

146 1649 227 1710 dicio
240 1650 433 1734 disponeret,
451 1664 481 1712 et
494 1650 535 1712 ad
547 1673 675 1712 examen
687 1662 860 1725 revocaret,
873 1648 1009 1730 intellige
1021 1647 1111 1707 illum
1123 1645 1180 1708 Sil·

147 1769 217 1808 uam
226 1749 379 1830 scripsisse
388 1770 450 1810 suae
460 1748 616 1825 AEneidos,
627 1748 659 1810 id
669 1761 727 1824 est,
737 1746 861 1823 rudem,
869 1760 899 1807 et
908 1745 1087 1807 inchoatam
1097 1743 1180 1804 illius

147 1847 322 1908 materiam.
339 1849 410 1909 Jam
421 1868 510 1924 vero,
521 1849 545 1907 si
555 1849 658 1931 prima
668 1849 805 1922 ratione,
814 1845 963 1908 Siluarum
973 1865 1087 1904 nomen
1096 1842 1181 1903 hisce

150 1945 307 2027 opusculis
325 1944 460 2005 inditum
473 1946 629 2021 dicamus,
648 1947 781 2027 graviter
797 1965 870 2005 saue
884 1943 963 2025 lapsi
979 1955 1052 2003 sunt
1068 1941 1181 2002 doctis·

150 2043 221 2102 simi
233 2043 308 2119 viri,
325 2043 515 2119 Politianus,
526 2045 702 2118 Domitius,
717 2041 913 2117 Parrhasius,
923 2039 1102 2116 Turnebus,
1116 2040 1182 2100 alii·

150 2161 230 2221 que,
256 2141 310 2221 qui
331 2162 430 2200 unum
452 2140 581 2223 aliquod
601 2156 632 2202 et
651 2142 779 2202 seorsim
799 2153 958 2223 sumptum
978 2139 1182 2221 poemation,

150 2234 264 2298 Silvam
280 2239 395 2319 passim
410 2239 591 2322 appellant:
612 2259 688 2299 nam
706 2251 742 2299 ut
758 2240 851 2300 unica
870 2239 965 2298 arbor
982 2236 1097 2296 Silvam
1115 2257 1183 2297 nou

152 2331 262 2411 efficit,
282 2334 324 2395 ita
337 2356 393 2401 nec
405 2337 533 2396 unicum
546 2336 749 2420 opusculum,
760 2333 874 2398 Silvam
886 2336 986 2418 priori
998 2332 1050 2393 illa
1064 2333 1184 2393 ratione

114 2481 117 2487 .
152 2445 309 2514 sumptam
321 2447 499 2515 componet.
511 2434 686 2495 Politianus
699 2456 767 2497 ecce
781 2435 931 2495 Oratione
947 2452 1037 2515 super
1053 2429 1102 2490 his
1119 2434 1184 2492 Sta·

152 2529 188 2588 tii
202 2528 309 2590 Silvis:
323 2555 337 2586 u
349 2531 483 2613 Singula*
494 2533 568 2615 ipsas
580 2554 649 2614 quae
660 2531 750 2594 Silvre
768 2532 996 2606 inscribuntur,
1016 2529 1148 2610 singnlae
1167 2551 1184 2589 a

153 2627 334 2689 seinvicem
353 2627 505 2712 disjuncta
525 2645 709 2714 argumenta
728 2632 926 2692 continent.»
951 2630 1037 2690 ldern
1057 2628 1184 2690 Miscell.

56 2794 60 2802 ι
154 2743 221 2804 cap.
236 2724 290 2800 65,
303 2750 317 2781 a
329 2724 456 2803 Statius,
468 2729 587 2811 inquit,
606 2729 640 2788 in
657 2727 774 2789 Silvula
789 2729 909 2810 prima,
925 2746 995 2807 quae
1009 2727 1043 2785 in
1059 2726 1184 2807 Equum

153 2822 235 2884 Max.
249 2822 360 2907 lmper.
373 2827 485 2910 scripta
497 2841 550 2888 est.
561 2855 575 2884 n
590 2828 784 2905 Parrhasius,
796 2826 927 2909 Epistol.
939 2827 1053 2903 Quaest.
1066 2826 1119 2907 57,
1131 2825 1185 2885 ubi

155 2918 193 2979 de
210 2920 321 2981 eodem
341 2923 432 3005 Equo
452 2925 624 2986 Domitiani
646 2927 727 3008 agit,
751 2923 916 3005 «Indiget,
938 2925 1057 3004 inquit,
1081 2921 1185 3002 aliqua

155 3014 241 3094 luce,
260 3018 339 3080 illud
353 3042 388 3082 ex
403 3022 510 3084 eadem
531 3024 654 3107 Papinii
674 3025 775 3106 prima
794 3022 928 3097 Silvula,
942 3036 998 3083 etc.
1009 3048 1024 3079 n
1050 3019 1185 3081 Tumels.

155 3137 230 3176 vero
246 3116 371 3181 Advers.
388 3121 461 3197 xll,
478 3144 547 3204 cup.
559 3121 596 3198 6,
612 3122 668 3181 nbi
686 3121 789 3182 solum
807 3121 894 3180 Statii
913 3121 1129 3200 Protrepticou
1147 3117 1185 3177 ad

157 3213 338 3297 Crispinum
356 3217 517 3301 intelligit,
538 3219 655 3305 aripud
674 3220 861 3302 Papinium,
882 3219 986 3299 inquit
996 3264 1003 3293 ,
1024 3217 1057 3275 in
1079 3215 1185 3276 eadem

158 3309 242 3373 Silva
255 3310 401 3392 legimus,
418 3337 488 3398 quae
501 3316 641 3378 notanda
652 3338 716 3377 esse
728 3318 923 3400 putavimus,
934 3329 1015 3377 etc.»
1031 3315 1185 3374 Domitius

158 3429 230 3470 vero
239 3408 272 3467 in
282 3410 536 3489 Commentariis,
548 3416 694 3475 sexcentis
703 3414 780 3476 locis
791 3415 833 3475 ita
841 3414 994 3495 loquitur,
1004 3427 1034 3472 ct
1043 3410 1185 3494 putidum

159 3502 239 3564 foret
249 3504 391 3588 pluribus
403 3506 463 3569 hoc
475 3510 617 3592 probare.
629 3512 711 3570 Hinc
722 3533 795 3593 ergo
808 3511 944 3584 clarum,
961 3507 1084 3588 singula
1100 3520 1131 3567 et
1146 3530 1185 3569 se¹

156 3600 264 3683 juncta
277 3606 443 3687 opuscula,
457 3607 553 3668 Silvas
568 3609 732 3692 appellata.
753 3611 860 3686 Quum
871 3628 945 3668 vero
960 3605 1150 3689 impudentis
1162 3627 1185 3668 et

161 3703 317 3761 temerarii
331 3703 370 3764 sit
383 3702 500 3779 dicere,
514 3718 617 3767 tantos
628 3709 710 3768 viros
722 3709 755 3766 in
766 3705 825 3767 hac
839 3728 872 3767 re
883 3706 960 3766 adeo
975 3704 1135 3787 pueriliter
1148 3704 1185 3765 la<

162 3816 234 3878 psos
245 3818 324 3874 esse,
338 3802 479 3863 existimo
492 3806 642 3880 omnino,
656 3804 785 3879 Silumn,
806 3803 940 3864 secunda
955 3803 1075 3863 ratione
1089 3803 1186 3862 consi·

164 3893 318 3972 duratam,
337 3896 419 3962 hisce
432 3905 595 3985 poematiis
610 3901 742 3964 inditam
756 3923 835 3978 esse,
850 3903 892 3962 ita
904 3918 956 3980 ut,
970 3900 1058 3962 verbi
1075 3903 1176 3982 gratia

166 4019 181 4048 s
192 3996 295 4075 Equus
308 3998 489 4078 Domitiani,
509 4005 648 4085 primum
661 4001 775 4063 horum
793 4002 974 4064 libellorum
987 4001 1172 4083 opusculum
