2664 4816
360 357 687 459 RECENTIORIIS
711 358 951 428 EDITORIS.
1111 361 1177 456 xvij

147 481 202 557 lit,
216 493 252 541 ut
262 479 365 541 verbis
377 481 512 541 multum
524 482 563 541 ab
577 482 614 542 iis
625 454 777 555 discedat,
792 483 904 563 quibus
916 485 1016 565 ipsam
1027 486 1181 547 inventio·

145 601 223 660 ,uem
241 578 362 640 debeat.
383 579 505 660 Deque
519 601 552 640 re
569 580 710 640 Henkius
723 582 844 661 egregie
857 582 982 641 monuit
1000 581 1047 642 his
1061 584 1179 660 verbis,

157 696 219 756 qnae
231 696 289 736 suo
301 675 384 735 libro
396 675 574 757 adscripsit:
588 701 602 732 ιι
614 677 699 737 Unus
709 689 753 736 est
762 698 798 736 ex
806 676 1009 736 callidissimis
1019 679 1181 740 imitatori·

157 773 206 833 bus
220 773 382 855 Papinius.
403 773 534 853 Ingenio
549 794 605 833 suo
623 771 736 850 fretus,
756 775 811 833 ubi
831 775 989 851 imitatur,
1006 795 1180 858 numquam
1268 762 1274 772 ’

157 869 326 952 exemplum
345 891 436 929 suum
456 870 543 949 sequi
562 869 646 946 vult,
665 870 717 931 sed
736 870 885 953 praesilire
902 893 938 933 ac
956 873 1036 932 circa
1057 874 1181 935 eosdem

157 989 256 1029 sensus
277 981 432 1028 certamen
454 989 525 1027 cnm
548 966 603 1028 illo
624 969 713 1028 inire.
733 969 863 1029 Homeri
882 969 1066 1050 virgiliique
1085 991 1181 1051 quam

155 1065 289 1150 plurima
303 1067 464 1149 expressit,
481 1087 601 1149 semper
613 1065 677 1127 fere
691 1066 819 1128 modum
835 1088 987 1148 egressus,
1002 1088 1100 1149 eoque
1114 1069 1181 1151 ipso

146 1165 300 1244 inferior,
320 1164 407 1246 quod
422 1186 439 1226 e
452 1166 574 1248 magnis
590 1167 760 1241 tumentia,
780 1187 797 1226 e
816 1166 1012 1226 mirabilibus
1031 1170 1183 1247 τιρατόλνμ

156 1279 182 1325 et
198 1261 463 1346 pueriliaeffecit.
485 1265 592 1343 ltaque
609 1284 666 1339 ne,
687 1283 750 1343 qua
770 1265 838 1339 via,
859 1259 1033 1345 quibusque
1053 1262 1183 1325 ducibus

155 1382 304 1436 summas,
314 1375 350 1420 ut
360 1360 504 1443 putabat,
516 1382 638 1422 veneres
651 1373 829 1442 assequutus
841 1373 920 1436 erat,
930 1374 1105 1442 appareret,
1115 1361 1184 1421 vul·

155 1460 199 1542 pis
214 1461 327 1534 instar,
342 1458 427 1538 quod
442 1456 517 1519 dicit
529 1459 568 1520 de
581 1457 761 1542 Delphinis,
775 1457 886 1519 Achill.
901 1456 935 1534 l,
949 1461 988 1520 60
1001 1481 1008 1518 ι
1022 1456 1126 1520 delevit
1135 1480 1184 1540 pe-
1245 1506 1261 1539 .·

155 1557 224 1618 dnm
235 1558 359 1639 vestiqia
369 1555 478 1618 cauda.
490 1582 504 1614 o

180 1718 230 1781 De
246 1711 409 1779 Silvarum
425 1728 539 1782 antem
555 1711 796 1806 appellatione,
815 1712 916 1805 plura
932 1715 1128 1793 Gevartius,
1148 1711 1184 1777 in

136 1834 252 1925 Papio.
265 1832 351 1898 Lect.
366 1836 388 1896 I
395 1848 428 1900 et
440 1833 500 1914 11,·
518 1833 625 1915 unde,
642 1856 721 1927 quae
737 1832 780 1901 ad
800 1834 1012 1926 propositum
1029 1847 1185 1900 nostrum

136 1951 279 2033 faciaut,
294 1966 452 2043 excerpta
463 1949 519 2018 hic
530 1950 666 2018 habeas.

199 2077 435 2154 oQuaerendum
447 2077 585 2153 videtur,
604 2098 666 2159 qua
679 2079 799 2138 ratione
811 2076 958 2139 Silvarum
970 2097 1085 2137 nomen
1100 2075 1186 2137 libel·
1255 2056 1276 2098 ¹

154 2174 194 2234 lis
205 2173 290 2234 hisce
302 2173 450 2235 indiderit
460 2176 581 2235 Statius.
595 2176 644 2234 An
656 2175 769 2236 scilicet
780 2176 887 2236 omnia
900 2175 1047 2258 opuscula
1059 2173 1187 2255 conjun-

155 2271 230 2332 ctim
245 2286 387 2353 sumpta,
402 2293 442 2331 an
457 2293 530 2332 vero
547 2271 684 2353 singula,
701 2284 730 2332 et
744 2271 992 2353 unumquodque
1006 2271 1187 2352 poemation

155 2366 271 2430 Silvam
293 2368 465 2451 appellarit.
486 2370 580 2448 Quod
596 2384 630 2429 ut
646 2372 758 2430 rectius
772 2369 980 2451 intelligatur,
995 2367 1187 2445 notandum,

154 2479 271 2526 veteres
286 2464 404 2549 duplici
419 2468 554 2544 ratione,
569 2488 663 2549 opera
679 2489 734 2527 sua
745 2467 841 2529 Silvas
853 2466 1030 2550 appellasse.
1045 2466 1187 2525 Primum

156 2565 284 2644 quidem
306 2586 324 2623 a
346 2565 511 2647 multiplici
535 2569 680 2642 materia,
701 2581 731 2626 et
751 2568 898 2626 varietate
919 2567 953 2624 in
974 2566 1011 2625 iis
1032 2577 1187 2625 contenta.

156 2662 431 2739 Quemadmodum
446 2666 529 2724 enim
543 2665 637 2746 vulgo
651 2665 800 2741 solemus,
813 2664 968 2724 infinitam
981 2664 1130 2723 arborum
1143 2664 1189 2722 in·

157 2759 397 2819 discriminatim
411 2764 602 2822 nasccntium
622 2761 854 2821 multitudinem
873 2761 986 2821 Silvam
1006 2759 1121 2833 dicere,
1146 2758 1190 2817 ita'

156 2855 252 2915 etiam
271 2856 369 2915 libros
387 2877 455 2917 suos
474 2859 507 2918 in
523 2857 637 2937 quibus
651 2859 735 2916 varie
757 2871 786 2917 et
806 2856 932 2916 diversae
953 2857 1088 2915 materia²
1110 2875 1189 2936 opu-

157 2953 241 3013 scula
256 2968 370 3014 temere
383 2970 528 3036 congesta
543 2970 647 3032 crant,
663 2957 759 3017 Siluas
773 2956 981 3039 appellabant.
1002 2954 1048 3013 lta
1064 2953 1189 3034 elegan-

156 3052 205 3110 ter
218 3051 354 3126 Gellius,
371 3053 426 3112 lib.
442 3055 516 3127 x11‚
532 3076 599 3135 cap.
617 3075 674 3113 ro:
693 3080 706 3109 ιι
718 3055 780 3131 Qui
795 3055 932 3128 variam,
946 3052 1065 3132 inquit,
1083 3065 1113 3111 et
1132 3052 1189 3110 mi·

158 3149 359 3225 scellaneam,
374 3166 405 3211 et
416 3153 502 3231 quasi
515 3152 676 3212 confusam
688 3153 862 3212 doctrinam
876 3152 1139 3232 conquisiverant,
1153 3171 1189 3208 co

158 3248 266 3306 titulos
276 3269 403 3329 quoque
413 3250 452 3308 ad
462 3271 530 3308 enm
540 3251 721 3309 sententiam
732 3248 984 3331 exquisitissimos
997 3245 1189 3305 indiderunt:

159 3365 297 3425 namque
310 3345 362 3403 alii
375 3344 525 3405 Silvarum
542 3347 781 3428 inscripserunt,
798 3344 851 3404 alii
869 3345 1037 3403 Musarum.
1052 3367 1065 3396 o
1080 3342 1118 3398 Et
1131 3339 1190 3399 hoc

158 3441 256 3502 modo
274 3441 510 3522 intelligendum
529 3442 605 3501 illud
623 3443 777 3516 Suetonii,
792 3442 845 3502 lib.
861 3441 899 3500 de
915 3442 1004 3500 claris
1018 3441 1189 3499 Gramnrat.
1289 3444 1293 3458 ¹

159 3539 215 3599 ubi
228 3539 266 3599 de
277 3540 402 3600 Valerio
415 3540 517 3599 Probo
530 3562 537 3598 :
557 3566 571 3595 ιι
583 3540 717 3622 Reliquit
729 3560 793 3598 non
809 3538 995 3598 mediocrem
1009 3534 1118 3595 Siluani
1133 3555 1191 3593 scr·

161 3638 264 3696 monis
277 3638 427 3717 antiquio
442 3638 480 3695 Et
492 3637 587 3695 Cicer.
601 3637 639 3695 de
651 3638 704 3695 Or.
722 3637 783 3711 ΙΙΙ,
797 3637 853 3694 26:
869 3659 888 3689 o
897 3636 1053 3706 Primum,
1070 3633 1189 3712 inquit,

160 3734 242 3796 Silua
256 3755 359 3794 rerum
375 3748 404 3793 et
418 3735 638 3794 sententiarum
653 3733 865 3814 comparanda
880 3745 931 3790 est.
945 3756 959 3785 u
983 3730 1021 3787 Et
1041 3729 1082 3787 sic
1098 3731 1190 3787 etiarn

161 3832 307 3892 Alexand.
331 3830 565 3914 Aphrodisaeus,
585 3831 732 3891 Febrium
753 3828 940 3888 differentias
960 3847 995 3885 ac
1019 3823 1191 3884 multitudi-

162 3950 253 4003 nem,
273 3926 408 3988 Febrium
421 3928 517 3989 Silvas
530 3928 716 3987 nominavit.
742 3925 900 3998 Secundo,
914 3938 1027 3983 veteres
1042 3921 1190 4004 opuscula

162 4046 231 4099 sua,
242 4025 338 4084 arudi
346 4026 544 4098 etinciroata,
555 4038 585 4084 et
591 4021 723 4084 necdum
732 4025 803 4082 satis
811 4023 980 4103 composita
988 4015 1191 4091 materia,Sil·
