2664 4816
146 366 183 407 12
394 342 427 404 P.
454 342 489 404 P.
515 341 672 406 STATll
696 341 941 407 SILVARUM

185 467 324 536 Rhenus
336 482 370 534 et
380 469 512 533 attoniti
523 463 607 533 vidit
618 464 741 535 domus
754 465 861 536 ardua
871 470 975 536 Daci?

232 584 331 646 Nunc
343 601 421 670 age,
435 577 525 644 fama
536 579 630 669 prior
642 593 763 646 notum
773 600 836 672 per
849 577 973 646 saecula
984 566 1110 646 nomen

185 689 344 760 Dardanii
355 692 497 757 miretur
509 693 605 784 equi,
621 692 676 758 cui
688 692 812 759 vertice
824 715 920 759 sacro
1099 680 1113 693 ”

184 799 396 896 Dindymon,
409 818 443 869 et
454 802 547 868 caesis
561 800 709 870 decrevit
719 801 897 870 frondibus
909 800 987 869 Ida:
1062 780 1067 803 ⁸
1160 831 1191 866 ro

184 918 283 982 Hunc
296 936 408 1006 neque
419 909 535 979 divisis
547 915 716 1005 cepissent
727 919 889 1007 Pergama
900 915 1025 996 muris,

184 1031 252 1093 Nec
264 1048 365 1116 grege
376 1024 543 1115 permixto
554 1028 652 1114 pueri
664 1008 884 1120 innuptaeque
895 1022 1036 1117 puellae,
1071 1071 1074 1078 ·

183 1139 261 1228 Ipse
272 1137 336 1201 nec
347 1138 466 1200 AEneas
477 1184 485 1214 ,
498 1155 562 1201 nec
573 1158 718 1226 magnus
730 1134 869 1202 duceret
880 1120 1020 1202 Hector,

182 1244 293 1327 Adde,
306 1241 399 1341 quod
409 1244 466 1312 ille
478 1268 620 1327 nocens,
634 1269 808 1341 saevosque
819 1245 995 1338 amplexus
1008 1243 1173 1328 Achivos3

183 1360 283 1424 Hunc
294 1357 384 1422 mitis
397 1353 611 1422 commendat
621 1379 725 1451 eques
738 1382 745 1422 :
755 1354 854 1450 juvat
864 1380 924 1424 ora
936 1358 1023 1423 tueri
1159 1368 1189 1422 ιε

182 1468 289 1533 Mixta
300 1468 388 1534 notis
399 1465 498 1550 belli,
510 1464 746 1561 placidamque
758 1469 908 1559 gerentia
919 1490 1051 1560 pacem.

183 1581 252 1644 Nec
263 1580 351 1645 veris
362 1575 492 1670 majora
503 1593 602 1670 putes
613 1602 622 1659 ;
636 1602 699 1670 par
710 1576 820 1646 forma
831 1575 1018 1672 decorque,

183 1690 247 1754 Par
258 1687 385 1773 honor;
399 1689 569 1756 exhaustis
582 1692 728 1755 Martem
739 1712 809 1756 non
821 1687 967 1781 amplior
977 1689 1082 1756 armis

182 1800 350 1867 Bistonius
361 1815 474 1891 portat
487 1801 637 1891 sonipes,
648 1823 840 1895 magnoque
852 1796 1007 1892 superbit

182 1906 353 1992 Pondere;
366 1931 430 1975 nec
441 1907 537 1976 tardo
548 1923 668 2001 raptus
679 1933 786 2003 prope
798 1908 940 1977 flumina
952 1913 1056 1978 cursu
1156 1938 1188 1973 20

182 2023 321 2102 Fumat,
335 2035 369 2087 et
379 2021 506 2112 ingenti
518 2018 679 2112 propellit
690 2022 869 2113 Strymona
881 2017 975 2088 flatu.

229 2138 293 2198 Par
305 2134 398 2224 operi
411 2131 508 2199 sedes
520 2157 527 2197 :
539 2130 620 2198 hinc
632 2131 731 2201 obvia
742 2131 860 2199 limina
870 2128 990 2224 pandit

136 2371 203 2439 seb,
215 2374 252 2426 ait
262 2372 384 2426 barthius
396 2376 424 2426 in
434 2373 548 2443 ineditis,
559 2376 639 2428 affert
682 2378 783 2449 tiquam
799 2388 946 2441 etcertum,
961 2389 991 2429 ut
1006 2375 1058 2441 ait,
1073 2393 1106 2426 ex
1119 2372 1187 2425 Cod.

136 2460 267 2505 terentem.
280 2456 364 2506 litun.
682 2456 755 2508 Leid.
767 2454 910 2508 lectionem
924 2454 1032 2507 decusis
1045 2455 1191 2506 restituen-

174 2549 214 2584 10.
233 2532 291 2584 Ida.
310 2533 448 2587 Editiones
466 2554 558 2589 omnes
579 2534 638 2586 Ida.
684 2535 745 2588 dam
757 2539 859 2607 putarit
873 2535 905 2588 cl.
920 2533 1006 2586 Hand.
1021 2535 1052 2585 Δ.

135 2610 201 2662 Cod.
216 2611 322 2663 Uratisl.
339 2613 413 2665 Iden.
433 2615 502 2665 Hinc
522 2613 639 2677 solennis
723 2613 1188 2685 15.‚Huucmitiscommendateques.

135 2693 259 2743 confusio
269 2710 330 2743 cum
343 2692 427 2758 idem,
440 2692 473 2744 de
486 2710 537 2764 qna
548 2694 637 2743 Burm.
682 2693 749 2746 Cod.
763 2696 836 2745 Urat.
852 2706 924 2746 nuuc
939 2693 1008 2744 mitis
1021 2693 1191 2746 commendat

135 2767 171 2819 ad
180 2768 267 2820 Veler.
280 2769 368 2821 Flacc.
383 2772 419 2836 ll,
435 2774 499 2841 519,
514 2770 638 2823 Barthius
682 2792 767 2845 equos.
780 2775 865 2824 Hirro.

135 2860 161 2900 et
173 2850 314 2901 Burmann.
328 2849 363 2901 ad
374 2850 635 2923 Claudian.Epitbal.
722 2850 761 2902 16.
784 2850 915 2903 Gerontia.
934 2847 1002 2902 Cod.
1019 2850 1101 2902 Mers.
1116 2844 1192 2921 φία-

133 2929 236 2979 Honor.
247 2948 273 2979 v.
290 2930 329 2982 18.
342 2930 433 2981 Voluit
445 2930 568 2983 librarius
579 2930 636 2982 lde.
682 2930 765 2983 sentia
779 2948 811 2981 ex
825 2947 912 2999 comp.
923 2926 1036 3000 q'reutia.
1050 2928 1136 2980 Hsun.

133 3007 204 3058 Nam
224 3010 337 3076 Statius,
360 3024 390 3063 ut
410 3011 469 3062 aliis
488 3010 636 3063 ridebimus
720 3026 760 3078 ¹7·
787 3009 890 3060 Forma.
912 3006 1001 3058 Editio
1022 3008 1192 3073 Parmensis,

134 3088 273 3158 exemplis,
284 3090 417 3142 affectavit
424 3091 637 3144 Graecasformas
675 3087 765 3159 fama.
781 3089 863 3139 Ham.

134 3167 641 3238 exprimereLatinisnominibus,ideo-
720 3167 761 3219 18.
779 3164 919 3218 Exhaustis
937 3167 977 3216 Μ.
995 3184 1049 3219 non
1062 3165 1191 3240 amplior.

136 3264 188 3317 que
195 3265 299 3318 semper
308 3250 413 3319 scripsit
422 3248 468 3300 lde
473 3289 482 3316 ,
493 3247 636 3299 Iden.Vid.
682 3246 767 3297 Parm.
778 3264 832 3297 nou
842 3245 934 3311 altius,
946 3247 1017 3297 etita
1027 3246 1099 3315 Lips.
1110 3243 1193 3314 cod,

134 3323 170 3375 ad
186 3325 270 3379 Theb.
290 3329 334 3393 lV,
354 3329 402 3394 ¹04
422 3341 448 3381 et
468 3326 528 3399 785.
548 3328 638 3394 Quare
682 3337 709 3377 et
727 3344 817 3378 verum
835 3338 916 3395 puto,
930 3325 981 3375 nisi
999 3321 1076 3375 malis
1092 3321 1193 3386 altior,-

134 3406 214 3456 etiam
222 3405 274 3457 boc
283 3404 345 3458 loco
352 3408 464 3459 restitui.
472 3409 504 3459 Et
512 3408 547 3456 ita
554 3401 638 3456 voluit
682 3406 719 3456 ita
738 3406 818 3457 etiam
835 3409 952 3469 Veneta,
969 3400 1056 3454 altius.
1073 3430 1111 3442 -
1125 3402 1194 3454 Non

134 3484 215 3536 lsaac.
228 3486 351 3552 Vossius,
362 3499 393 3538 nt
404 3498 481 3537 notat
493 3486 635 3535 Burmann.
682 3483 796 3557 amplius
805 3486 918 3535 correxit
930 3481 1105 3547 Camerinus,
1115 3479 1193 3534 unde

135 3577 162 3614 et
176 3566 216 3615 vir
231 3564 326 3619 doctus
342 3567 370 3615 in
388 3564 500 3636 exempl.
516 3562 634 3634 Gotting.
681 3563 778 3635 legitur
789 3565 818 3614 in
832 3563 908 3613 Rom.
921 3563 1045 3628 Venetis,
1056 3562 1135 3613 Petit.
1150 3560 1194 3613 Al·

134 3639 251 3696 'ihomas
259 3643 373 3697 Rhaedus
383 3645 497 3696 correxit
506 3641 596 3707 Idam,
608 3654 637 3693 nt
683 3641 767 3710 dinis,
778 3640 897 3696 Grass‘er.
911 3639 1002 3707 Lind.‚
1014 3641 1090 3691 etita
1101 3638 1193 3693 Codd.

135 3722 247 3789 videtur,
257 3743 312 3777 non
318 3724 460 3777 intellectis
467 3722 553 3776 verbis
562 3740 639 3794 supe·
682 3725 824 3774 Vaticanus
836 3740 863 3773 n.
874 3719 944 3789 3596
956 3734 982 3771 et
991 3716 1116 3771 Leidens.
1126 3721 1194 3774 Nou

134 3801 258 3855 rioribus.
268 3806 359 3874 'Herm
682 3800 762 3855 altius
773 3800 899 3853 exhibent
908 3798 994 3851 Codd.
1005 3800 1090 3852 Vatic.
1103 3799 1194 3871 388⁵,

174 3901 214 3936 rt.
226 3884 425 3958 DivisisVulgo
436 3886 543 3939 discissis
552 3884 640 3956 coepis·
684 3882 753 3935 3282
765 3893 791 3932 et
803 3879 887 3947 3283,
903 3880 1006 3931 Fabric.
1019 3879 1091 3949 lips.
1104 3879 1193 3932 Paris.

135 3975 199 4016 sent.
207 3962 335 4015 -Codd
345 3968 418 4019 Urat.
427 3964 508 4018 Vind.
518 3966 599 4020 Paris.
614 3976 640 4014 et
684 3959 726 4013 ed.
736 3961 821 4031 princ.
830 3962 914 4011 flauo.
925 3989 959 3999 -
968 3959 1063 4011 Exutis
1072 3960 1196 4012 Mortem

137 4040 210 4094 editt.
221 4060 328 4112 omnes,
337 4043 452 4099 ducunt
464 4046 642 4098 litun-An·
685 4057 737 4092 non
746 4038 827 4093 altior
834 4046 922 4107 amis,
933 4057 994 4093 cum
1000 4038 1156 4093 N.lleinsio
1165 4050 1195 4092 ct
