2664 4816
547 567 766 672 NOTAE

267 833 328 910 IN
353 830 697 913 EPISTOLAM
722 832 765 910 P.
791 833 833 910 Ρ.
861 829 1051 912 STATII

499 1060 563 1126 AD
586 1059 821 1127 STELLAM.

135 1653 214 1706 Lassa
228 1652 255 1720 4.
268 1618 592 1731 Votum‘rufluxeruat.
604 1652 718 1705 Obviutn
730 1664 800 1718 erat,
813 1651 948 1723 voluptate
957 1649 1127 1705 effluxerant:
1142 1655 1189 1709 sad

135 1751 228 1786 sanum
245 1732 338 1784 locum
355 1746 463 1806 prestat
481 1733 617 1786 Ausonius
634 1732 719 1803 Epist.
738 1731 816 1783 xvl:
837 1731 961 1800 «Adjuro
976 1730 1190 1787 benevdentiam

135 1824 222 1877 tuam,
236 1812 403 1865 verecundiae
417 1831 482 1864 mete
501 1825 612 1877 testem,
631 1829 678 1863 eos
691 1809 817 1884 (epodos)
835 1811 903 1863 mihi
916 1811 1000 1863 subito
1016 1816 1190 1883 persuasione

127 1891 254 1968 fluxisse.-
267 1911 330 1944 narn
343 1894 402 1965 quis
413 1891 463 1946 hos
476 1891 523 1945 diu
535 1893 682 1963 cogitaret?
695 1891 769 1963 quod
780 1909 844 1943 sane
855 1892 907 1963 ipsi
916 1890 950 1944 de
962 1910 990 1943 se
1000 1890 1165 1963 probabunt.
1175 1917 1188 1943 ι
1238 1897 1240 1903 “

136 1970 186 2022 Ubi
200 1972 344 2023 manifesto
360 1969 454 2023 alludit
465 1970 528 2025 huic
538 1973 613 2025 Statii
625 1970 702 2037 loco,
714 1982 739 2024 et
752 1969 827 2022 alteri
840 1971 924 2037 infra,
940 1971 1087 2039 :Quamvis
1099 1987 1191 2026 metuo

136 2069 170 2102 ne
181 2069 275 2102 rernm
287 2053 355 2104 istuc
368 2070 458 2105 versus
471 2071 579 2124 quoque
590 2053 642 2124 ipsi
654 2051 687 2103 de
700 2070 729 2104 sc
739 2051 864 2123 probent.
876 2075 887 2099 s
902 2053 960 2105 Nisi
971 2051 1043 2105 dices
1055 2052 1128 2124 apud
1139 2054 1192 2106 Au·

136 2131 242 2181 soninm
258 2148 367 2202 qnoque
381 2130 523 2202 legendum
540 2150 597 2184 esse
614 2132 754 2209 effluxisse.
768 2130 820 2187 Sed
833 2150 889 2183 non
905 2150 974 2202 opus
989 2142 1043 2195 ett3
1052 2133 1193 2210 fluxerant

136 2228 184 2281 pro
199 2209 376 2287 effluxerant,
394 2211 505 2284 simplex
519 2231 569 2283 pro
584 2212 733 2284 compesito
742 2231 750 2274 ς
764 2211 800 2266 ita
818 2230 932 2283 pressum
951 2214 1034 2265 cornis
1051 2230 1191 2282 cruorem,

136 2308 186 2360 pro
201 2309 347 2363 expressum
354 2330 363 2357 ,
374 2289 504 2344 Thebaid.
517 2294 579 2358 XII,
592 2292 657 2355 320;
671 2302 764 2344 troctas
774 2291 899 2343 membris
911 2293 1074 2362 spirantibus
1088 2292 1191 2362 hastas,

135 2389 185 2441 pro
197 2381 340 2437 extractas,
354 2370 485 2424 Thebaid.
500 2375 536 2438 Π,
553 2389 618 2441 7ra;
630 2374 666 2422 ita
681 2373 751 2422 enim
766 2369 923 2440 legendum
936 2369 1016 2441 vulgo
1025 2372 1126 2442 fractas
1149 2376 1192 2427 Sic

136 2450 217 2501 etiam
229 2449 285 2502 lota
299 2470 349 2522 pro
361 2451 440 2519 elato,
454 2451 532 2505 ovid.
547 2453 604 2502 Art.
620 2452 678 2501 Am.
695 2451 744 2517 111,
759 2466 808 2508 203
824 2468 926 2524 surpere
940 2465 1025 2521 ponto
1039 2470 1089 2522 pro
1102 2471 1192 2506 exsut*-

135 2547 209 2601 9ere,
224 2529 318 2580 Manil.
330 2532 363 2597 V,
378 2530 444 2597 619;
454 2530 570 2601 fitndere
585 2533 701 2600 equitem
715 2549 765 2601 pro
780 2529 918 2601 effimdere
932 2549 974 2600 op.
990 2533 1131 2583 Nazerium
1143 2534 1193 2586 Pa-

138 2627 226 2680 negpr.
247 2629 272 2660 c.
292 2608 339 2676 24,
355 2624 381 2661 et
397 2611 424 2661 id
440 2629 525 2680 genus
541 2613 688 2661 innumera.
703 2608 787 2660 Paulo
805 2623 881 2675 ante,
896 2613 1122 2662 «eminentissime
1139 2632 1194 2683 qua

136 2703 215 2760 parte
224 2689 345 2751 soluisti;
359 2689 450 2753 idest,
465 2694 492 2740 in
503 2701 627 2760 poemate
638 2688 766 2758 elegiaco,
778 2712 789 2733 n
802 2687 940 2758 Elegiacus
952 2691 1021 2740 enirn
1033 2704 1087 2741 erat
1098 2692 1193 2756 Stella3

138 2768 200 2819 inde
213 2782 252 2820 est
266 2768 339 2839 quod
351 2771 378 2820 in
390 2768 568 2840 Epithalamio
582 2772 649 2838 ejus,
662 2788 687 2818 v.
698 2758 757 2832 aSi,
771 2767 833 2818 dicit
846 2767 943 2819 Statius
958 2768 1100 2836 philetam,
1114 2771 1194 2824 Calli·

137 2848 278 2913 maehum,
294 2851 474 2919 Propertium,
490 2847 614 2899 Ovidium
629 2861 655 2897 et
666 2845 803 2898 Tibullum
816 2844 924 2915 (omnes
939 2860 1034 2917 poetas
1047 2846 1194 2922 elegiacos)

138 2927 208 2978 diem
228 2926 314 2979 Stellae
331 2927 480 2999 nuptialem
499 2928 613 2979 libenter
626 2925 809 2978 celebraturos
824 2927 920 2992 fuisse,
939 2928 960 2977 si
977 2928 1003 2975 in
1017 2929 1081 2977 vivis
1097 2943 1194 2981 essent.

139 3009 256 3059 Pessime
270 3009 402 3059 Domitius
415 3012 601 3079 interpretatus
618 3019 671 3070 est,
686 3030 696 3050 a
708 3008 735 3056 in
749 3025 780 3055 co
793 3004 827 3055 de
843 3024 895 3076 quo
912 3003 1018 3055 soluisti
1033 3025 1074 3056 me
1091 3006 1195 3060 delibe-

138 3106 207 3138 rare.
221 3111 232 3133 n
248 3116 286 3126 —
299 3090 339 3140 De
350 3091 408 3140 sinu
419 3108 477 3139 meo
487 3089 653 3160 prodiissent,
669 3095 849 3158 ‹tortprepotos‚
865 3098 915 3135 etc.
927 3087 964 3134 lta
977 3083 1046 3137 bene
1061 3088 1196 3157 supplevit

139 3170 287 3234 Domitius,
303 3187 385 3240 quum
398 3171 423 3220 in
436 3168 575 3220 codicibus
588 3171 642 3219 suis
655 3168 797 3218 invenisset
809 3167 840 3216 de
852 3166 910 3216 sinu
924 3185 982 3217 mco
996 3185 1074 3237 pro...
1087 3187 1196 3242 conpre-

138 3259 222 3320 qotos‚
231 3262 293 3314 cto,
304 3252 392 3319 spatio
403 3249 505 3312 relicto,
517 3248 564 3301 ubi
574 3252 702 3317 integram
713 3246 856 3297 dictionem
868 3265 924 3297 esse
935 3248 1061 3316 oportuit.
1073 3247 1196 3301 Barthius

141 3328 235 3379 maluit
246 3329 433 3400 prosiluissent.
447 3330 528 3402 Atqui
541 3329 605 3381 liber
616 3346 670 3379 non
681 3326 812 3399 prosilire,
828 3326 873 3378 sed
884 3327 989 3399 prodire
1001 3325 1105 3378 dicitur.

177 3455 203 3508 5.
226 3456 297 3525 Quid
308 3457 378 3508 enim
392 3469 492 3529 oportet
506 3459 581 3532 hujus
594 3475 711 3530 quoque,
726 3469 775 3507 etc.
789 3458 867 3506 Hunc
882 3457 960 3506 otiam
973 3452 1062 3504 locum
1077 3472 1108 3503 ex
1122 3454 1198 3525 inge-

142 3535 186 3585 nio
200 3536 336 3606 supplevit
348 3537 418 3589 idem
432 3540 579 3603 Domitius,
592 3557 674 3609 quum
686 3540 713 3587 in
725 3536 849 3588 omnibus
864 3534 1003 3587 codicibus
1017 3533 1200 3587 desideraren-

142 3627 186 3663 tur
200 3633 281 3665 soces
301 3629 402 3687 oportet
422 3618 514 3691 Ιηψις,Ι
534 3636 592 3690 quse
607 3619 634 3668 in
655 3615 784 3669 editiones
804 3616 929 3685 deinceps
949 3628 1060 3685 receptae
1075 3615 1200 3680 fuerunt,

142 3695 258 3763 pessimo
273 3696 404 3769 exemplo.
423 3697 519 3749 Sensus
537 3710 590 3749 cst:
610 3695 702 3761 «Quid
719 3697 806 3748 enim?
823 3693 894 3746 dicet
908 3693 1019 3763 aliquis:
1038 3693 1141 3745 adeone
1157 3712 1200 3747 me

143 3771 274 3825 audacem
292 3773 333 3826 sel
351 3775 460 3828 stultum
478 3794 551 3844 csse,
567 3790 597 3829 ut
613 3776 714 3846 judicia
731 3775 870 3827 hominum
889 3790 1033 3844 provocem
1048 3770 1089 3823 his
1103 3773 1200 3842 nugis,
1231 3799 1233 3803 ⁴

143 3870 227 3922 quum
241 3854 330 3908 adhuc
343 3855 377 3909 de
392 3871 488 3909 eventu
500 3856 654 3910 Thebaidos
671 3875 750 3924 meae,
767 3857 855 3927 operis
870 3855 947 3919 serii,
961 3851 1129 3924 trepidemin
1147 3855 1200 3906 Ite,

144 3930 261 4001 spondet
268 3933 382 3987 Statius:
398 3961 409 3982 a
419 3937 471 3989 Sed
481 3951 507 3990 et
514 3937 631 3990 Culicem
640 3936 752 4008 legimus
763 3949 789 3987 et
799 3933 1139 4006 Batrachomyomaehiam,
1147 3945 1199 3984 etc.

144 4007 289 4078 Objecerat
299 4010 395 4087 aliquis
405 4015 490 4071 Statio
500 4019 647 4088 argumenti
656 4017 845 4070 humilitatem:
857 4013 927 4067 lianc
938 4014 981 4067 ille
989 4013 1107 4069 defendit
1116 4030 1201 4066 exem·
