2664 4816
540 364 799 434 uunrnrro.
1117 371 1199 467 m,-

142 491 1076 572 I’ruertimquuminirtonullueeiteensurretipeeelibieamdern
1083 512 1195 558 unteu·

141 589 209 643 tien
218 585 319 645 iiedetn
330 585 391 642 feru
401 584 493 643 verbio
505 584 641 663 proferat,
652 586 758 643 AEueid.
770 591 837 657 ΧΗ,
849 590 918 660 496ι

325 693 866 745 ΜιΙιιΙοιι-ιιὴιὶιωωωιὴᾱειῦιωε

139 816 224 876 quem
234 795 331 855 locum
340 797 472 853 ascribit
481 806 634 874 perpetuus
645 802 704 874 ejus
717 799 841 854 imitator
849 796 896 854 Sil.
908 796 993 855 Italic.
1006 803 1095 873 nvn,
1108 802 1159 874 ⁸7³

488 906 882 971 ...emundationum

325 979 440 1026 Imm.

136 1081 314 1150 elVl,69²:

581 1153 908 1218 ...pollntatioederium

328 1236 506 1301 Deceptumque
516 1236 607 1282 Iovem.

135 1335 208 1405 Quis
223 1344 284 1389 nm
297 1332 392 1408 inepte
407 1330 500 1388 fautor
512 1336 643 1388 Veterum
658 1333 837 1400 lectionum,
854 1342 886 1388 ut
902 1350 960 1387 non
974 1330 1030 1387 hoe
1045 1329 1196 1387 oonoedet?

134 1445 222 1485 nemo
234 1438 327 1497 certe,
342 1428 397 1482 nisi
408 1428 433 1482 ai
444 1428 507 1503 quie
519 1438 577 1483 tem
588 1426 678 1482 durus
691 1427 808 1503 repuiri
819 1437 917 1502 queat,
931 1436 965 1481 ut
974 1424 1093 1483 fateatur
1104 1445 1134 1482 ee
1144 1444 1196 1483 ve-

134 1530 196 1576 tera
206 1530 236 1577 et
247 1517 316 1582 lulaa
327 1537 414 1595 quun
424 1519 546 1574 recentia
557 1528 585 1572 et
596 1536 662 1573 vera
674 1515 769 1573 muller
781 1521 862 1593 eujus
873 1519 1076 1574 sinisteritatem
1088 1536 1141 1594 pro
1151 1521 1195 1594 ju·

135 1612 212 1670 dieio
223 1613 381 1689 eutpieere,
397 1629 441 1665 nae
456 1621 528 1667 eeoet
543 1610 678 1667 indicium
694 1612 795 1666 mentia
811 1608 944 1680 infimae,
959 1621 988 1665 et
1002 1613 1125 1666 veritatis
1138 1629 1193 1665 nn·

134 1707 212 1761 mine
223 1723 327 1783 parum
338 1717 478 1761 contante.
492 1710 650 1761 ullovereor
660 1722 726 1760 sune
737 1706 785 1777 (ut
796 1701 842 1759 ille
853 1706 904 1773 ait,
916 1702 951 1758 ad
962 1706 1086 1774 Ilviutn,
1098 1709 1193 1773 xxiv,

136 1800 188 1871 2⁵)
200 1803 314 1854 Veteres
328 1797 438 1863 librom
454 1800 491 1853 ita
507 1808 599 1852 tamen
615 1808 647 1853 ut
662 1795 776 1852 illorum
787 1798 953 1873 scripturam
965 1816 1110 1873 nunquam
1122 1815 1195 1873 prn-

134 1903 245 1948 vertam
257 1893 282 1947 ei
294 1910 381 1967 quarn
395 1893 469 1967 ipsos
482 1903 609 1947 auctores
621 1889 765 1967 reliquisse
779 1888 909 1948 credibile
920 1900 994 1947 eat·
1009 1889 1128 1962 Quando
1141 1892 1194 1967 igi-

136 1995 185 2039 tur
199 1985 229 2039 in
242 1989 359 2040 Tenum
372 1983 489 2039 admitto
500 1986 717 2060 Parthenopeqne
733 2003 785 2061 pro
798 1986 888 2057 Major
901 2000 928 2040 et
944 1987 1020 2039 inde:
1037 1987 1067 2039 Si
1079 1987 1194 2057 conjunx

133 2095 190 2154 pro
201 2077 283 2150 Sylva
295 2097 367 2138 una,-
383 2081 480 2152 Meque
497 2077 599 2130 habitur
612 2096 744 2150 moresque
757 2093 809 2150 pro
823 2078 911 2152 Atque
927 2079 975 2131 tibi
986 2096 1136 2150 morerque,·
1152 2076 1193 2129 le·

135 2173 225 2226 ιτίπιίι
238 2190 291 2248 pro
307 2171 408 2237 oeulis,-
419 2173 550 2225 decoravit
560 2189 613 2247 pro
622 2174 755 2242 peraravit
762 2193 771 2233 ,·
783 2181 810 2225 et
821 2183 933 2227 eentum
944 2169 997 2226 alia
1009 2171 1133 2247 ejusdem
1144 2190 1193 2227 au·
1272 2208 1276 2218 ·

136 2264 222 2321 datie
230 2277 258 2320 et
267 2267 406 2330 veritatis,
418 2267 502 2335 seito,
513 2268 620 2333 Lector,
632 2283 676 2319 me
685 2263 755 2320 adeo
764 2283 820 2319 non
830 2276 925 2340 petere
935 2266 1058 2335 veniam,
1068 2276 1101 2319 ut
1110 2266 1193 2319 etiarn

135 2356 189 2414 tibi
198 2360 346 2434 imputem
358 2363 448 2433 Atque
460 2360 569 2413 utinam
582 2360 642 2434 pari
657 2356 822 2413 certitudine
834 2360 928 2434 (paene
944 2358 1151 2428 Mathematico)
1163 2359 1193 2413 in

133 2456 234 2510 eeteris
246 2451 410 2509 difficilibus
422 2451 488 2509 locis
501 2455 604 2509 versari
616 2455 784 2530 potuissem!
796 2454 890 2508 omnia
902 2473 958 2508 uno
971 2453 1069 2508 ordine
1080 2452 1193 2507 habuit·

135 2566 212 2616 um,
229 2549 352 2604 Catienis
367 2547 442 2602 mille
458 2548 583 2603 ducentis
601 2544 820 2602 reclamantibus.
834 2546 909 2617 Quid
926 2551 998 2602 enirn
1013 2547 1192 2623 refertaque

135 2653 215 2718 parte
232 2643 342 2714 veniat,
357 2640 442 2697 modo
457 2643 580 2709 venerit,
596 2642 715 2695 veritas?
733 2639 828 2694 eadem
844 2652 885 2696 est
901 2645 975 2709 Dea,
994 2642 1082 2694 alvea
1102 2659 1147 2694 me
1164 2652 1192 2694 et

135 2737 260 2802 Cruceo,
273 2736 332 2790 sivo
343 2734 379 2788 ab
391 2735 502 2789 Heinsio
514 2745 542 2787 et
551 2734 692 2787 Gronovio
704 2734 733 2786 in
747 2730 836 2786 lucem
848 2731 1022 2808 proferatur;
1035 2733 1088 2794 nisi
1100 2731 1193 2786 nobis·

135 2830 262 2904 metipsis
274 2839 331 2881 tam
344 2825 457 2902 maligni
468 2839 495 2880 et
506 2829 595 2901 iniqui
604 2826 710 2900 judiees
722 2844 781 2879 esse
794 2823 938 2894 volumus,
956 2836 986 2879 ut
998 2823 1073 2900 quod
1085 2824 1119 2877 ab
1132 2822 1192 2878 aliis

135 2920 296 2998 profectum
308 2941 358 2997 pro
370 2940 437 2976 vero
449 2921 542 2976 statim
554 2918 796 2995 amplecteremur;
811 2919 852 2987 id,
868 2922 932 2993 quin
944 2930 1071 2973 nostrum
1082 2929 1138 2985 est,
1151 2921 1191 2972 iu-

135 3025 178 3069 ter
189 3014 277 3070 dubia
293 3017 466 3089 rejiciamus:
482 3035 543 3090 quae
558 3013 670 3089 quidem
687 3012 840 3068 diffidentia
857 3034 873 3067 a
884 3012 990 3088 judicio
1004 3025 1031 3067 et
1042 3032 1109 3070 vero
1126 3032 1192 3088 pro·

136 3106 210 3163 fectu
220 3127 300 3184 teque
312 3106 393 3183 longe
403 3120 509 3162 remota
521 3120 577 3174 est,
589 3126 620 3162 ac
630 3109 789 3183 oppositum
802 3111 862 3181 ejus
873 3110 997 3175 φιιιυτίι.
1010 3112 1073 3161 llaec
1083 3125 1193 3182 semper

136 3201 185 3256 tibi
199 3201 359 3278 applaudit,
371 3216 415 3271 et,
428 3201 491 3257 lieet
503 3200 623 3269 fallatur,
639 3221 698 3255 rem
710 3201 781 3256 boue
794 3214 897 3276 gestum
911 3213 1049 3256 autumat:
1064 3199 1109 3254 illa
1123 3219 1192 3254 sem·

136 3315 187 3371 per
205 3294 309 3371 pendet
327 3307 353 3350 et
371 3294 485 3350 fluctuat
501 3296 582 3348 etiarn
600 3297 628 3348 iu
647 3297 734 3360 veris,
753 3307 827 3348 certe
844 3307 936 3348 autom
956 3306 1011 3348 turn
1031 3304 1125 3369 peceat
1143 3296 1191 3367 qui

136 3384 207 3441 nihil
224 3387 325 3454 credit,
338 3406 421 3462 quam
436 3390 484 3462 qui
502 3390 612 3440 omnia:
630 3398 656 3440 et
673 3388 696 3440 si
714 3385 749 3439 ab
763 3385 895 3441 alterutro
911 3389 999 3462 perire
1013 3403 1123 3439 necesse
1138 3385 1191 3449 sit,

137 3478 245 3533 felicior
256 3479 367 3535 videtur
379 3499 438 3534 sors
450 3482 529 3555 copia
542 3499 625 3555 (piram
638 3477 710 3533 farne
720 3483 906 3555 pereuntium.
920 3479 971 3535 Sed
985 3478 1103 3532 medium
1118 3479 1190 3530 riam

137 3573 238 3627 insistit
247 3572 400 3647 judicium
412 3592 502 3649 neque
513 3572 585 3628 ultra
594 3577 697 3626 Verum
710 3574 895 3648 progreditur,
908 3591 998 3647 neque
1010 3573 1077 3624 citra
1089 3568 1190 3623 delicit.

175 3777 236 3828 Non
253 3787 347 3829 tamen
364 3776 433 3829 milii
452 3778 480 3828 in
499 3774 552 3829 hae
567 3787 644 3850 parte
663 3773 857 3849 conjecturali,
877 3791 937 3848 quae
956 3773 1056 3846 cuique
1074 3774 1191 3824 maruno

137 3865 327 3937 adblanditur,
342 3887 450 3943 semper
465 3866 582 3922 indulsi:
599 3867 647 3921 sed
662 3867 830 3942 ubicumque
848 3877 905 3920 erat
919 3865 1084 3920 dubitationi
1100 3863 1191 3923 lorus,

137 3964 332 4033 Conjecluram
344 3961 379 4015 ad
392 3964 476 4015 imum
487 3964 618 4041 paginam
630 3959 792 4036 plerumque
804 3959 908 4014 detrusi
921 3984 925 4011 :
941 3958 1015 4014 unde
1028 3970 1103 4034 petas
1116 3955 1192 4021 lieet,
