<?xml version="1.0" encoding="UTF-8"?>
<!DOCTYPE html PUBLIC "-//W3C//DTD XHTML 1.0 Transitional//EN"
    "http://www.w3.org/TR/xhtml1/DTD/xhtml1-transitional.dtd">
<html xmlns="http://www.w3.org/1999/xhtml" xml:lang="en" lang="en">
 <head>
  <title>
</title>
<meta http-equiv="Content-Type" content="text/html;charset=utf-8" />
  <meta name='ocr-system' content='tesseract 3.04.00' />
  <meta name='ocr-capabilities' content='ocr_page ocr_carea ocr_par ocr_line ocrx_word'/>
</head>
<body>
  <div class='ocr_page' id='page_1' title='image "bibliothecaclas58lemagoog_0016.png"; bbox 0 0 2664 4816; ppageno 0'>
   <div class='ocr_carea' id='block_1_1' title="bbox 57 397 1105 424">
    <p class='ocr_par' dir='ltr' id='par_1_1' title="bbox 57 397 1105 424">
     <span class='ocr_line' id='line_1_1' title="bbox 57 397 1105 424; baseline 0.005 -5"><span class='ocrx_word' id='word_1_1' title='bbox 57 397 862 420; x_wconf 60' lang='lat' dir='ltr'>mmmmmfflmfflffl</span> <span class='ocrx_word' id='word_1_2' title='bbox 866 400 1105 424; x_wconf 60' lang='lat' dir='ltr'>Wfflfflvu</span> 
     </span>
    </p>
   </div>
   <div class='ocr_carea' id='block_1_2' title="bbox 303 615 861 766">
    <p class='ocr_par' dir='ltr' id='par_1_2' title="bbox 303 615 861 766">
     <span class='ocr_line' id='line_1_2' title="bbox 303 615 861 766; baseline 0.007 -4"><span class='ocrx_word' id='word_1_3' title='bbox 303 615 861 766; x_wconf 82' lang='lat' dir='ltr'><strong>PRAEFATIO</strong></span> 
     </span>
    </p>
   </div>
   <div class='ocr_carea' id='block_1_3' title="bbox 186 932 983 1033">
    <p class='ocr_par' dir='ltr' id='par_1_3' title="bbox 186 932 983 1033">
     <span class='ocr_line' id='line_1_3' title="bbox 186 932 983 1033; baseline 0.004 -4"><span class='ocrx_word' id='word_1_4' title='bbox 186 932 643 1032; x_wconf 86' lang='lat' dir='ltr'>RECENTIORIS</span> <span class='ocrx_word' id='word_1_5' title='bbox 673 937 983 1033; x_wconf 87' lang='lat' dir='ltr'>EDITORIS</span> 
     </span>
    </p>
   </div>
   <div class='ocr_carea' id='block_1_4' title="bbox 402 1197 762 1262">
    <p class='ocr_par' dir='ltr' id='par_1_4' title="bbox 402 1197 762 1262">
     <span class='ocr_line' id='line_1_4' title="bbox 402 1197 762 1262; baseline 0.003 -3"><span class='ocrx_word' id='word_1_6' title='bbox 402 1197 464 1259; x_wconf 84' lang='lat' dir='ltr'>AD</span> <span class='ocrx_word' id='word_1_7' title='bbox 488 1197 762 1262; x_wconf 84' lang='lat' dir='ltr'><strong>LECTOREM.</strong></span> 
     </span>
    </p>
   </div>
   <div class='ocr_carea' id='block_1_5' title="bbox 502 1450 661 1471">
    <p class='ocr_par' dir='ltr' id='par_1_5' title="bbox 502 1450 661 1471">
     <span class='ocr_line' id='line_1_5' title="bbox 502 1450 661 1471; baseline 0.013 -7"><span class='ocrx_word' id='word_1_8' title='bbox 502 1450 661 1471; x_wconf 71' lang='lat'><em>·-—---</em></span> 
     </span>
    </p>
   </div>
   <div class='ocr_carea' id='block_1_6' title="bbox 62 1692 1153 2104">
    <p class='ocr_par' dir='ltr' id='par_1_6' title="bbox 62 1692 1153 2062">
     <span class='ocr_line' id='line_1_6' title="bbox 64 1692 1106 1822; baseline 0.001 -26"><span class='ocrx_word' id='word_1_9' title='bbox 64 1692 169 1818; x_wconf 77' lang='lat' dir='ltr'>Quen</span> <span class='ocrx_word' id='word_1_10' title='bbox 188 1746 261 1797; x_wconf 86' lang='lat' dir='ltr'>erat</span> <span class='ocrx_word' id='word_1_11' title='bbox 281 1731 316 1795; x_wconf 90' lang='lat' dir='ltr'>in</span> <span class='ocrx_word' id='word_1_12' title='bbox 335 1730 420 1795; x_wconf 89' lang='lat' dir='ltr'>votis</span> <span class='ocrx_word' id='word_1_13' title='bbox 442 1728 631 1820; x_wconf 86' lang='lat' dir='ltr'>praecipue,</span> <span class='ocrx_word' id='word_1_14' title='bbox 652 1743 690 1794; x_wconf 91' lang='lat' dir='ltr'>ut</span> <span class='ocrx_word' id='word_1_15' title='bbox 711 1751 797 1819; x_wconf 88' lang='lat' dir='ltr'>opus</span> <span class='ocrx_word' id='word_1_16' title='bbox 818 1729 928 1821; x_wconf 76' lang='lat' dir='ltr'>Regiis</span> <span class='ocrx_word' id='word_1_17' title='bbox 949 1732 1106 1822; x_wconf 85' lang='lat' dir='ltr'>auspiciis</span> 
     </span>
     <span class='ocr_line' id='line_1_7' title="bbox 62 1847 1153 1942; baseline 0.001 -27"><span class='ocrx_word' id='word_1_18' title='bbox 62 1848 271 1931; x_wconf 86' lang='lat' dir='ltr'>inchoatum,</span> <span class='ocrx_word' id='word_1_19' title='bbox 289 1864 322 1915; x_wconf 90' lang='lat' dir='ltr'>et</span> <span class='ocrx_word' id='word_1_20' title='bbox 339 1849 491 1914; x_wconf 88' lang='lat' dir='ltr'>unanimi</span> <span class='ocrx_word' id='word_1_21' title='bbox 505 1847 683 1914; x_wconf 91' lang='lat' dir='ltr'>doctorum</span> <span class='ocrx_word' id='word_1_22' title='bbox 695 1851 846 1916; x_wconf 86' lang='lat' dir='ltr'>virorum</span> <span class='ocrx_word' id='word_1_23' title='bbox 861 1848 983 1942; x_wconf 91' lang='lat' dir='ltr'>plausu</span> <span class='ocrx_word' id='word_1_24' title='bbox 996 1848 1107 1917; x_wconf 88' lang='lat' dir='ltr'>adhuc</span> <span class='ocrx_word' id='word_1_25' title='bbox 1149 1923 1153 1935; x_wconf 27' lang='grc' dir='ltr'>ι</span> 
     </span>
     <span class='ocr_line' id='line_1_8' title="bbox 62 1965 1107 2104; baseline 0 -70"><span class='ocrx_word' id='word_1_26' title='bbox 62 1985 254 2104; x_wconf 79' lang='lat' dir='ltr'>exceptum,</span> <span class='ocrx_word' id='word_1_27' title='bbox 274 1965 385 2061; x_wconf 88' lang='lat' dir='ltr'>majus</span> <span class='ocrx_word' id='word_1_28' title='bbox 402 1967 529 2062; x_wconf 92' lang='lat' dir='ltr'>aliquid</span> <span class='ocrx_word' id='word_1_29' title='bbox 546 1967 609 2035; x_wconf 91' lang='lat' dir='ltr'>sibi</span> <span class='ocrx_word' id='word_1_30' title='bbox 626 1985 659 2036; x_wconf 88' lang='lat' dir='ltr'>et</span> <span class='ocrx_word' id='word_1_31' title='bbox 672 1968 948 2038; x_wconf 90' lang='lat' dir='ltr'>honorificentius</span> <span class='ocrx_word' id='word_1_32' title='bbox 963 1967 1107 2060; x_wconf 76' lang='lat' dir='ltr'>gratula—</span> 
     </span>
    </p>
   </div>
   <div class='ocr_carea' id='block_1_7' title="bbox 44 2206 1105 3265">
    <p class='ocr_par' dir='ltr' id='par_1_7' title="bbox 44 2206 1105 3265">
     <span class='ocr_line' id='line_1_9' title="bbox 60 2206 1105 2276; baseline 0.003 -5"><span class='ocrx_word' id='word_1_33' title='bbox 60 2208 284 2274; x_wconf 65' lang='lat' dir='ltr'>bibliothecam</span> <span class='ocrx_word' id='word_1_34' title='bbox 305 2223 456 2274; x_wconf 87' lang='lat' dir='ltr'>nostram</span> <span class='ocrx_word' id='word_1_35' title='bbox 481 2209 569 2275; x_wconf 89' lang='lat' dir='ltr'>inter</span> <span class='ocrx_word' id='word_1_36' title='bbox 590 2206 694 2276; x_wconf 88' lang='lat' dir='ltr'>libros</span> <span class='ocrx_word' id='word_1_37' title='bbox 718 2209 761 2274; x_wconf 85' lang='lat' dir='ltr'>ad</span> <span class='ocrx_word' id='word_1_38' title='bbox 781 2234 871 2276; x_wconf 84' lang='lat' dir='ltr'>usam</span> <span class='ocrx_word' id='word_1_39' title='bbox 889 2207 1105 2276; x_wconf 75' lang='lat' dir='ltr'>instituendae</span> 
     </span>
     <span class='ocr_line' id='line_1_10' title="bbox 60 2327 1103 2433; baseline -0.002 -40"><span class='ocrx_word' id='word_1_40' title='bbox 60 2327 161 2420; x_wconf 90' lang='lat' dir='ltr'>prolis</span> <span class='ocrx_word' id='word_1_41' title='bbox 181 2329 293 2419; x_wconf 79' lang='lat' dir='ltr'>Regiae</span> <span class='ocrx_word' id='word_1_42' title='bbox 311 2328 513 2411; x_wconf 87' lang='lat' dir='ltr'>destinatos,</span> <span class='ocrx_word' id='word_1_43' title='bbox 534 2327 791 2433; x_wconf 68' lang='lat' dir='ltr'>adscribendam</span> <span class='ocrx_word' id='word_1_44' title='bbox 805 2327 895 2396; x_wconf 80' lang='lat' dir='ltr'>ultm</span> <span class='ocrx_word' id='word_1_45' title='bbox 909 2327 1103 2426; x_wconf 61' lang='lat' dir='ltr'>dpereverit.</span> 
     </span>
     <span class='ocr_line' id='line_1_11' title="bbox 44 2410 1105 2565; baseline 0 -51"><span class='ocrx_word' id='word_1_46' title='bbox 44 2452 130 2533; x_wconf 85' lang='lat' dir='ltr'>¹Quo</span> <span class='ocrx_word' id='word_1_47' title='bbox 142 2446 282 2544; x_wconf 90' lang='lat' dir='ltr'>quidem</span> <span class='ocrx_word' id='word_1_48' title='bbox 294 2471 434 2515; x_wconf 89' lang='lat' dir='ltr'>munere</span> <span class='ocrx_word' id='word_1_49' title='bbox 451 2445 535 2514; x_wconf 93' lang='lat' dir='ltr'>nihil</span> <span class='ocrx_word' id='word_1_50' title='bbox 555 2434 688 2517; x_wconf 67' lang='lat' dir='ltr'>eidnire</span> <span class='ocrx_word' id='word_1_51' title='bbox 699 2444 834 2565; x_wconf 77' lang='lat' dir='ltr'>p‘dtuit;</span> <span class='ocrx_word' id='word_1_52' title='bbox 827 2448 907 2516; x_wconf 82' lang='lat' dir='ltr'>v&#39;el</span> <span class='ocrx_word' id='word_1_53' title='bbox 920 2410 1030 2516; x_wconf 58' lang='lat' dir='ltr'>lanius</span> <span class='ocrx_word' id='word_1_54' title='bbox 1048 2471 1105 2515; x_wconf 92' lang='lat' dir='ltr'>no-</span> 
     </span>
     <span class='ocr_line' id='line_1_12' title="bbox 59 2546 1104 2683; baseline 0.001 -51"><span class='ocrx_word' id='word_1_55' title='bbox 59 2565 121 2649; x_wconf 84' lang='lat' dir='ltr'>bis,</span> <span class='ocrx_word' id='word_1_56' title='bbox 131 2568 205 2636; x_wconf 87' lang='lat' dir='ltr'>vel</span> <span class='ocrx_word' id='word_1_57' title='bbox 197 2571 304 2661; x_wconf 83' lang='lat' dir='ltr'>ipsius</span> <span class='ocrx_word' id='word_1_58' title='bbox 316 2570 426 2661; x_wconf 89' lang='lat' dir='ltr'>operis</span> <span class='ocrx_word' id='word_1_59' title='bbox 441 2569 584 2634; x_wconf 86' lang='lat' dir='ltr'>fortunae</span> <span class='ocrx_word' id='word_1_60' title='bbox 596 2548 754 2661; x_wconf 68' lang='lat' dir='ltr'>optatius.</span> <span class='ocrx_word' id='word_1_61' title='bbox 751 2569 894 2683; x_wconf 64' lang='lat' dir='ltr'>{Quos</span> <span class='ocrx_word' id='word_1_62' title='bbox 860 2546 960 2660; x_wconf 74' lang='lat' dir='ltr'>enim</span> <span class='ocrx_word' id='word_1_63' title='bbox 973 2572 1104 2634; x_wconf 89' lang='lat' dir='ltr'>animos</span> 
     </span>
     <span class='ocr_line' id='line_1_13' title="bbox 61 2665 1102 2804; baseline -0.002 -52"><span class='ocrx_word' id='word_1_64' title='bbox 61 2704 92 2752; x_wconf 88' lang='lat' dir='ltr'>et</span> <span class='ocrx_word' id='word_1_65' title='bbox 112 2689 270 2779; x_wconf 85' lang='lat' dir='ltr'>spiritus,</span> <span class='ocrx_word' id='word_1_66' title='bbox 297 2709 380 2778; x_wconf 90' lang='lat' dir='ltr'>quas</span> <span class='ocrx_word' id='word_1_67' title='bbox 404 2689 491 2752; x_wconf 87' lang='lat' dir='ltr'>vires</span> <span class='ocrx_word' id='word_1_68' title='bbox 515 2686 676 2753; x_wconf 85' lang='lat' dir='ltr'>ducturos</span> <span class='ocrx_word' id='word_1_69' title='bbox 696 2665 787 2774; x_wconf 71' lang='lat' dir='ltr'>ende.</span> <span class='ocrx_word' id='word_1_70' title='bbox 780 2665 1009 2804; x_wconf 74' lang='lat' dir='ltr'>sperandum</span> <span class='ocrx_word' id='word_1_71' title='bbox 1032 2700 1102 2767; x_wconf 88' lang='lat' dir='ltr'>est,</span> 
     </span>
     <span class='ocr_line' id='line_1_14' title="bbox 61 2778 1105 2898; baseline 0.002 -30"><span class='ocrx_word' id='word_1_72' title='bbox 61 2803 130 2872; x_wconf 89' lang='lat' dir='ltr'>illos</span> <span class='ocrx_word' id='word_1_73' title='bbox 150 2828 288 2887; x_wconf 77' lang='lat' dir='ltr'>omneS,</span> <span class='ocrx_word' id='word_1_74' title='bbox 309 2807 368 2898; x_wconf 93' lang='lat' dir='ltr'>qui</span> <span class='ocrx_word' id='word_1_75' title='bbox 388 2828 447 2871; x_wconf 87' lang='lat' dir='ltr'>sex</span> <span class='ocrx_word' id='word_1_76' title='bbox 467 2803 590 2872; x_wconf 88' lang='lat' dir='ltr'>abhinc</span> <span class='ocrx_word' id='word_1_77' title='bbox 610 2785 720 2871; x_wconf 76' lang='lat' dir='ltr'>alrnls</span> <span class='ocrx_word' id='word_1_78' title='bbox 725 2781 827 2872; x_wconf 73' lang='lat' dir='ltr'>cliras</span> <span class='ocrx_word' id='word_1_79' title='bbox 838 2778 1049 2884; x_wconf 77' lang='lat' dir='ltr'>iddelessas‚</span> <span class='ocrx_word' id='word_1_80' title='bbox 1071 2821 1105 2871; x_wconf 91' lang='lat' dir='ltr'>et</span> 
     </span>
     <span class='ocr_line' id='line_1_15' title="bbox 62 2921 1105 3016; baseline -0.001 -28"><span class='ocrx_word' id='word_1_81' title='bbox 62 2922 224 3016; x_wconf 88' lang='lat' dir='ltr'>quidquid</span> <span class='ocrx_word' id='word_1_82' title='bbox 237 2921 361 2988; x_wconf 89' lang='lat' dir='ltr'>studii</span> <span class='ocrx_word' id='word_1_83' title='bbox 353 2942 441 2989; x_wconf 83' lang='lat' dir='ltr'>inest</span> <span class='ocrx_word' id='word_1_84' title='bbox 455 2947 493 2989; x_wconf 92' lang='lat' dir='ltr'>ac</span> <span class='ocrx_word' id='word_1_85' title='bbox 508 2921 658 2989; x_wconf 90' lang='lat' dir='ltr'>roboris</span> <span class='ocrx_word' id='word_1_86' title='bbox 649 2947 685 2989; x_wconf 89' lang='grc' dir='ltr'>ιιι</span> <span class='ocrx_word' id='word_1_87' title='bbox 697 2922 821 2990; x_wconf 90' lang='lat' dir='ltr'>molem</span> <span class='ocrx_word' id='word_1_88' title='bbox 833 2921 921 2989; x_wconf 92' lang='lat' dir='ltr'>hanc</span> <span class='ocrx_word' id='word_1_89' title='bbox 935 2939 1105 2990; x_wconf 87' lang='lat' dir='ltr'>exstrueu-</span> 
     </span>
     <span class='ocr_line' id='line_1_16' title="bbox 62 3040 1104 3136; baseline -0.001 -27"><span class='ocrx_word' id='word_1_90' title='bbox 62 3042 135 3109; x_wconf 88' lang='lat' dir='ltr'>dam</span> <span class='ocrx_word' id='word_1_91' title='bbox 152 3040 386 3123; x_wconf 88' lang='lat' dir='ltr'>contulerunt,</span> <span class='ocrx_word' id='word_1_92' title='bbox 407 3068 483 3136; x_wconf 85' lang='lat' dir='ltr'>quae</span> <span class='ocrx_word' id='word_1_93' title='bbox 500 3041 572 3134; x_wconf 86' lang='lat' dir='ltr'>jam</span> <span class='ocrx_word' id='word_1_94' title='bbox 588 3067 681 3110; x_wconf 91' lang='lat' dir='ltr'>nunc</span> <span class='ocrx_word' id='word_1_95' title='bbox 696 3043 862 3136; x_wconf 57' lang='lat' dir='ltr'>adstupet</span> <span class='ocrx_word' id='word_1_96' title='bbox 876 3047 948 3134; x_wconf 90' lang='lat' dir='ltr'>ipsa</span> <span class='ocrx_word' id='word_1_97' title='bbox 967 3044 1047 3131; x_wconf 90' lang='lat' dir='ltr'>sibi,</span> <span class='ocrx_word' id='word_1_98' title='bbox 1071 3060 1104 3109; x_wconf 91' lang='lat' dir='ltr'>et</span> 
     </span>
     <span class='ocr_line' id='line_1_17' title="bbox 63 3161 948 3265; baseline -0.001 -38"><span class='ocrx_word' id='word_1_99' title='bbox 63 3162 224 3254; x_wconf 87' lang='lat' dir='ltr'>stupenda</span> <span class='ocrx_word' id='word_1_100' title='bbox 240 3165 348 3254; x_wconf 74' lang='lat' dir='ltr'>magis</span> <span class='ocrx_word' id='word_1_101' title='bbox 366 3186 406 3229; x_wconf 87' lang='lat' dir='ltr'>ac</span> <span class='ocrx_word' id='word_1_102' title='bbox 424 3166 530 3252; x_wconf 76' lang='lat' dir='ltr'>magis</span> <span class='ocrx_word' id='word_1_103' title='bbox 550 3165 584 3229; x_wconf 91' lang='lat' dir='ltr'>in</span> <span class='ocrx_word' id='word_1_104' title='bbox 603 3177 777 3253; x_wconf 84' lang='lat' dir='ltr'>posterum</span> <span class='ocrx_word' id='word_1_105' title='bbox 797 3161 948 3265; x_wconf 68' lang='lat' dir='ltr'>exstabit.</span> 
     </span>
    </p>
   </div>
   <div class='ocr_carea' id='block_1_8' title="bbox 104 3318 1103 3414">
    <p class='ocr_par' dir='ltr' id='par_1_8' title="bbox 104 3318 1103 3414">
     <span class='ocr_line' id='line_1_18' title="bbox 104 3318 1103 3414; baseline -0.003 -28"><span class='ocrx_word' id='word_1_106' title='bbox 104 3327 172 3389; x_wconf 81' lang='lat' dir='ltr'>Ave</span> <span class='ocrx_word' id='word_1_107' title='bbox 188 3338 257 3387; x_wconf 90' lang='lat' dir='ltr'>tam</span> <span class='ocrx_word' id='word_1_108' title='bbox 275 3321 383 3403; x_wconf 89' lang='lat' dir='ltr'>bona,</span> <span class='ocrx_word' id='word_1_109' title='bbox 398 3323 551 3387; x_wconf 80' lang='lat' dir='ltr'>comiteur</span> <span class='ocrx_word' id='word_1_110' title='bbox 573 3346 624 3403; x_wconf 88' lang='lat' dir='ltr'>se,</span> <span class='ocrx_word' id='word_1_111' title='bbox 648 3338 681 3387; x_wconf 89' lang='lat' dir='ltr'>et</span> <span class='ocrx_word' id='word_1_112' title='bbox 701 3319 923 3387; x_wconf 87' lang='lat' dir='ltr'>confidentius</span> <span class='ocrx_word' id='word_1_113' title='bbox 944 3318 1103 3414; x_wconf 88' lang='lat' dir='ltr'>quidem,</span> 
     </span>
    </p>
   </div>
   <div class='ocr_carea' id='block_1_9' title="bbox 62 3439 1112 4008">
    <p class='ocr_par' dir='ltr' id='par_1_9' title="bbox 62 3439 1112 4008">
     <span class='ocr_line' id='line_1_19' title="bbox 66 3439 1104 3534; baseline 0.003 -34"><span class='ocrx_word' id='word_1_114' title='bbox 66 3441 216 3531; x_wconf 73' lang='lat' dir='ltr'>Virpilio,</span> <span class='ocrx_word' id='word_1_115' title='bbox 232 3443 367 3521; x_wconf 79' lang='lat' dir='ltr'>Nasoni,</span> <span class='ocrx_word' id='word_1_116' title='bbox 385 3442 546 3534; x_wconf 75' lang='lat' dir='ltr'>Propertio</span> <span class='ocrx_word' id='word_1_117' title='bbox 563 3456 625 3507; x_wconf 91' lang='lat' dir='ltr'>etc.</span> <span class='ocrx_word' id='word_1_118' title='bbox 651 3439 846 3532; x_wconf 82' lang='lat' dir='ltr'>superaddit</span> <span class='ocrx_word' id='word_1_119' title='bbox 864 3445 1032 3517; x_wconf 67' lang='lat' dir='ltr'>Perimes,</span> <span class='ocrx_word' id='word_1_120' title='bbox 1049 3462 1104 3504; x_wconf 93' lang='lat' dir='ltr'>cu-</span> 
     </span>
     <span class='ocr_line' id='line_1_20' title="bbox 62 3556 1105 3652; baseline 0.002 -29"><span class='ocrx_word' id='word_1_121' title='bbox 62 3556 111 3647; x_wconf 81' lang='lat' dir='ltr'>jus</span> <span class='ocrx_word' id='word_1_122' title='bbox 123 3583 185 3650; x_wconf 76' lang='lat' dir='ltr'>ego</span> <span class='ocrx_word' id='word_1_123' title='bbox 200 3558 394 3651; x_wconf 86' lang='lat' dir='ltr'>publicandi</span> <span class='ocrx_word' id='word_1_124' title='bbox 413 3564 620 3651; x_wconf 86' lang='lat' dir='ltr'>provinciam</span> <span class='ocrx_word' id='word_1_125' title='bbox 640 3585 680 3627; x_wconf 90' lang='lat' dir='ltr'>eo</span> <span class='ocrx_word' id='word_1_126' title='bbox 699 3563 831 3652; x_wconf 88' lang='lat' dir='ltr'>suscepi</span> <span class='ocrx_word' id='word_1_127' title='bbox 847 3559 1022 3640; x_wconf 88' lang='lat' dir='ltr'>libentius,</span> <span class='ocrx_word' id='word_1_128' title='bbox 1037 3583 1105 3652; x_wconf 89' lang='lat' dir='ltr'>quo</span> 
     </span>
     <span class='ocr_line' id='line_1_21' title="bbox 65 3675 1104 3771; baseline 0.003 -32"><span class='ocrx_word' id='word_1_129' title='bbox 65 3675 243 3744; x_wconf 82' lang='lat' dir='ltr'>faciliorem</span> <span class='ocrx_word' id='word_1_130' title='bbox 264 3676 346 3744; x_wconf 90' lang='lat' dir='ltr'>mihi</span> <span class='ocrx_word' id='word_1_131' title='bbox 365 3681 452 3744; x_wconf 89' lang='lat' dir='ltr'>viam</span> <span class='ocrx_word' id='word_1_132' title='bbox 474 3678 715 3771; x_wconf 80' lang='lat' dir='ltr'>praemunierat</span> <span class='ocrx_word' id='word_1_133' title='bbox 736 3678 940 3745; x_wconf 85' lang='lat' dir='ltr'>clarissimus</span> <span class='ocrx_word' id='word_1_134' title='bbox 962 3694 995 3742; x_wconf 89' lang='lat' dir='ltr'>et</span> <span class='ocrx_word' id='word_1_135' title='bbox 1016 3677 1104 3745; x_wconf 91' lang='lat' dir='ltr'>idem</span> 
     </span>
     <span class='ocr_line' id='line_1_22' title="bbox 66 3800 1112 3892; baseline 0.004 -31"><span class='ocrx_word' id='word_1_136' title='bbox 66 3800 295 3888; x_wconf 73' lang='lat' dir='ltr'>sagacissimus</span> <span class='ocrx_word' id='word_1_137' title='bbox 309 3801 493 3891; x_wconf 87' lang='lat' dir='ltr'>interpres,</span> <span class='ocrx_word' id='word_1_138' title='bbox 511 3805 582 3867; x_wconf 81' lang='lat' dir='ltr'>Jan.</span> <span class='ocrx_word' id='word_1_139' title='bbox 603 3805 848 3880; x_wconf 52' lang='lat' dir='ltr'>Martinianum</span> <span class='ocrx_word' id='word_1_140' title='bbox 868 3800 943 3891; x_wconf 80' lang='lat' dir='ltr'>qui,</span> <span class='ocrx_word' id='word_1_141' title='bbox 961 3800 1005 3880; x_wconf 91' lang='lat' dir='ltr'>si,</span> <span class='ocrx_word' id='word_1_142' title='bbox 1022 3822 1112 3892; x_wconf 47' lang='lat' dir='ltr'>quas,</span> 
     </span>
     <span class='ocr_line' id='line_1_23' title="bbox 66 3914 1106 4008; baseline 0.005 -32"><span class='ocrx_word' id='word_1_143' title='bbox 66 3915 93 3978; x_wconf 88' lang='lat' dir='ltr'>in</span> <span class='ocrx_word' id='word_1_144' title='bbox 110 3914 214 3980; x_wconf 82' lang='lat' dir='ltr'>Silvas</span> <span class='ocrx_word' id='word_1_145' title='bbox 227 3915 409 4008; x_wconf 88' lang='lat' dir='ltr'>impendit,</span> <span class='ocrx_word' id='word_1_146' title='bbox 425 3941 522 3984; x_wconf 91' lang='lat' dir='ltr'>curas</span> <span class='ocrx_word' id='word_1_147' title='bbox 535 3919 570 3985; x_wconf 90' lang='lat' dir='ltr'>in</span> <span class='ocrx_word' id='word_1_148' title='bbox 586 3916 771 3982; x_wconf 77' lang='lat' dir='ltr'>Thebaidem</span> <span class='ocrx_word' id='word_1_149' title='bbox 784 3934 817 3983; x_wconf 89' lang='lat' dir='ltr'>et</span> <span class='ocrx_word' id='word_1_150' title='bbox 829 3916 1038 3989; x_wconf 77' lang='lat' dir='ltr'>Achillct&#39;dem</span> <span class='ocrx_word' id='word_1_151' title='bbox 1050 3940 1106 3982; x_wconf 82' lang='lat' dir='ltr'>ex-</span> 
     </span>
    </p>
   </div>
   <div class='ocr_carea' id='block_1_10' title="bbox 66 4031 1187 4215">
    <p class='ocr_par' dir='ltr' id='par_1_10' title="bbox 66 4031 1187 4215">
     <span class='ocr_line' id='line_1_24' title="bbox 66 4031 1187 4135; baseline 0.005 -43"><span class='ocrx_word' id='word_1_152' title='bbox 66 4031 239 4114; x_wconf 85' lang='lat' dir='ltr'>tendisset,</span> <span class='ocrx_word' id='word_1_153' title='bbox 259 4033 344 4100; x_wconf 89' lang='lat' dir='ltr'>nihil</span> <span class='ocrx_word' id='word_1_154' title='bbox 363 4036 435 4102; x_wconf 81' lang='lat' dir='ltr'>fere</span> <span class='ocrx_word' id='word_1_155' title='bbox 452 4036 575 4104; x_wconf 82' lang='lat' dir='ltr'>futuris</span> <span class='ocrx_word' id='word_1_156' title='bbox 592 4035 831 4126; x_wconf 88' lang='lat' dir='ltr'>interpretibus</span> <span class='ocrx_word' id='word_1_157' title='bbox 849 4034 1017 4125; x_wconf 79' lang='lat' dir='ltr'>agendum</span> <span class='ocrx_word' id='word_1_158' title='bbox 1033 4032 1108 4099; x_wconf 91' lang='lat' dir='ltr'>reli·</span> <span class='ocrx_word' id='word_1_159' title='bbox 1176 4122 1187 4135; x_wconf 23' lang='lat' dir='ltr'><strong>Q</strong></span> 
     </span>
     <span class='ocr_line' id='line_1_25' title="bbox 151 4153 178 4215; baseline 0.037 -1"><span class='ocrx_word' id='word_1_160' title='bbox 151 4153 178 4215; x_wconf 94' lang='lat' dir='ltr'>I.</span> 
     </span>
    </p>
   </div>
   <div class='ocr_carea' id='block_1_11' title="bbox 0 0 1336 4816">
    <p class='ocr_par' dir='ltr' id='par_1_11' title="bbox 0 0 1336 4816">
     <span class='ocr_line' id='line_1_26' title="bbox 0 0 1336 4816; baseline 0 0"><span class='ocrx_word' id='word_1_161' title='bbox 0 0 1336 4816; x_wconf 95' lang='lat' dir='ltr'> </span> 
     </span>
    </p>
   </div>
  </div>
 </body>
</html>
