2664 4816
141 391 180 433 to
212 365 323 432 NOT.
349 368 399 430 IN
421 365 572 431 EPIST.
597 367 631 429 P.
655 367 692 430 P.
716 363 842 433 STAT.
867 365 931 431 at)
951 362 1113 432 STELL.

135 478 187 531 die.
197 501 209 525 n
226 479 289 530 Haec
301 474 429 547 explicavi
441 490 471 528 ut
485 474 663 547 intelligeres,
675 492 757 547 quam
766 491 876 528 neceaae
892 476 926 529 tit
940 492 991 546 pto
1008 494 1067 531 tneo
1079 477 1191 531 nomine

135 557 223 628 legere
237 575 267 609 eo
283 559 403 623 nomine,
420 569 446 609 et
462 555 553 608 delere
568 557 788 627 prapotitiouem
802 567 904 608 etanta
917 554 998 607 verbu
1012 578 1023 600 ι
1032 554 1130 609 Villam
1141 558 1190 609 Ti·

70 675 73 683 «
134 638 270 691 burtinom
282 655 314 689 eo
328 638 450 705 nomine,
463 635 493 688 id
507 650 561 704 eat,
576 654 607 690 ca
622 634 656 689 de
668 652 749 688 cauea
758 657 765 687 ι
775 658 788 684 ι
805 633 866 688 vide
879 647 938 688 not.
953 633 989 687 ad
999 637 1048 702 111,
1058 634 1092 704 3,
1101 654 1129 688 v.
1144 635 1188 705 87.

170 781 215 836 31.
232 782 304 835 Nom
317 779 422 833 Claudii
432 779 553 832 ltetmsct
565 778 741 833 testimonium
753 791 803 846 est,
816 779 862 851 qui
872 778 1037 846 balneolum,
1051 793 1103 832 etc.
1114 779 1191 833 Vide·

134 876 178 914 tur
191 860 292 933 aliquid
306 860 407 913 deesse.
422 857 489 912 Vide
505 859 708 913 antecedentia:
727 860 875 932 «Sequitur
888 857 994 912 libellus
1009 857 1110 912 Rutilio
1126 858 1190 913 Gal·

134 941 186 994 lico
197 938 303 995 Valenti
317 939 473 993 dedicatus:
488 939 522 992 de
537 957 591 1011 quo
606 938 673 992 nihil
686 939 761 1007 dico,
775 959 810 994 na
823 938 914 993 videar
927 937 1046 1010 defitnctt'
1060 938 1129 993 testis
1143 958 1192 992 oc-

135 1021 243 1073 casione
257 1020 381 1072 mentiri:
396 1037 461 1070 nam
474 1017 512 1071 el.
528 1020 652 1072 Hetruaci
665 1021 846 1072 testimonium
858 1032 907 1088 est,
923 1021 982 1091 qui,
998 1031 1071 1071 etc.»
1086 1020 1191 1072 Dixisse

135 1099 227 1154 debuit
244 1101 428 1153 teatnnonium
443 1109 571 1172 superest,
586 1111 618 1151 ut
631 1098 702 1152 bene
720 1101 909 1172 interpretatur
924 1097 1096 1162 Caldetinua5
1115 1099 1191 1171 lege,

135 1180 311 1233 testimonium
319 1191 416 1241 eastun
425 1178 482 1251 qui,
492 1191 554 1241 etc.;
566 1177 709 1231 hocmodo
721 1198 815 1233 sennua
824 1178 1100 1252 expleturfloratiun
1108 1180 1190 1233 Serto.

134 1263 160 1327 1,
172 1260 202 1328 5,
215 1256 263 1322 55;
279 1257 431 1311 «Sarmenti
443 1258 551 1310 domina
564 1269 653 1312 exstat.
666 1282 677 1306 υ
692 1261 794 1314 Seneca
805 1259 840 1314 de
851 1261 944 1314 Benef.
956 1263 983 1327 1,
993 1276 1039 1312 ta:
1056 1260 1157 1331 affigo,
1170 1261 1192 1312 ai

135 1336 192 1391 fieri
201 1350 303 1410 potest,
315 1339 438 1390 consumi
447 1357 545 1390 munus
556 1358 644 1393 meum
653 1339 718 1392 nolo
728 1362 734 1391 :
746 1350 835 1407 exstet,
844 1339 943 1392 haereat
951 1340 1038 1392 amico
1048 1357 1120 1405 meo,
1129 1356 1192 1391 con·

134 1418 230 1469 vivata
240 1415 342 1468 Auctor
348 1416 420 1487 Eleg.
429 1416 463 1469 de
471 1418 557 1470 Morte
565 1418 654 1486 Drusi,
663 1438 688 1471 v.
699 1420 749 1473 238
758 1441 765 1471 :
773 1421 874 1472 Auctor
882 1420 937 1473 abit
944 1419 1037 1492 operis,
1048 1418 1093 1472 sed
1104 1429 1191 1471 tamen

136 1508 221 1549 exstat
230 1500 306 1567 aptis:
317 1496 365 1549 nbi
374 1497 487 1549 eandem
498 1499 697 1570 oppositionem
706 1498 790 1552 videt.
801 1501 910 1568 Noster,
919 1498 1004 1553 Theb.
1015 1500 1055 1566 X,
1065 1497 1131 1553 61³:

292 1585 364 1631 Cedat
373 1589 464 1647 generis
474 1588 610 1648 quicunque
619 1588 756 1634 nonninus
766 1599 850 1644 emat,
861 1600 906 1635 etc.

136 1663 183 1716 ubi
193 1661 262 1714 male
271 1664 325 1715 MS.
336 1666 467 1717 Petrcnaia
478 1666 539 1716 exit.
548 1665 618 1715 Bene
625 1666 706 1734 igitur
715 1668 896 1718 testimoninm
906 1678 988 1717 exstat
992 1690 1002 1729 ;
1013 1684 1069 1737 quae
1078 1685 1130 1718 vox
1139 1666 1192 1719 hoc

136 1743 232 1811 modo,
246 1745 330 1810 forte,
345 1745 459 1816 acciptnf
467 1747 505 1795 uit
515 1740 577 1795 e'xi:
591 1743 665 1796 unde
676 1744 785 1797 minima
797 1746 945 1798 mutatione
958 1744 1024 1797 abiit
1037 1747 1065 1797 in
1078 1757 1123 1800 est.
1131 1749 1193 1799 Mox

137 1841 188 1894 pro
199 1822 319 1892 creditur,
329 1823 435 1878 maliem
445 1825 562 1877 credetur
565 1846 576 1887 ‚-
585 1826 643 1895 pari
654 1842 735 1878 aenou
744 1824 846 1878 Seneca
854 1828 882 1878 in
890 1825 966 1878 Ludo
974 1824 1009 1878 de
1019 1827 1100 1878 Mon.
1113 1825 1193 1880 Clau·

138 1901 191 1954 dii:
209 1926 220 1950 ι
230 1904 306 1956 Scitis
318 1905 389 1956 enim
401 1907 514 1976 optime;
524 1923 573 1956 nec
583 1904 733 1975 periculum
744 1918 827 1959 estne
839 1905 976 1972 excidant,
986 1924 1046 1977 quae
1059 1909 1193 1959 memoriae

137 1982 275 2054 publicum
286 1983 412 2055 gaudium
425 1986 640 2057 impresserunt.»
656 1984 737 2038 Paulo
750 1999 826 2054 anta,
838 2005 940 2038 motum
952 2002 1031 2039 coenoe
1042 2000 1082 2040 eat
1095 2000 1195 2060 tempus

139 2062 182 2114 vel
192 2064 305 2135 spatium
317 2082 414 2134 coena,
425 2079 456 2116 ut
467 2084 553 2120 moros
563 2084 696 2119 annorum
705 2066 794 2121 carm.
806 2070 831 2134 Ι,
844 2084 893 2137 92,
904 2080 931 2120 at
941 2067 1023 2136 tiuv,
1036 2084 1060 2134 ι,
1072 2086 1099 2120 v.
1112 2068 1171 2137 167.
