2664 4816
135 388 178 433 XX

535 365 778 431 PRAEFATIO
851 393 853 397 ¹

161 509 164 513 ’
181 497 263 559 Haec
271 493 387 582 igitur,
399 513 475 585 quae
483 489 635 583 subjecta
645 508 741 572 sunt,
751 493 875 584 partim
884 514 925 558 ex
935 490 1046 575 libris,
1057 500 1175 586 partim

135 634 175 676 ex
185 607 418 677 emendatione
428 610 628 691 certissima,
640 607 862 678 Marklandus
873 611 983 677 822222
992 615 1105 679 822222
1114 612 1175 680 edi·

134 730 218 796 turis
229 726 407 796 consilium
420 726 494 811 dat,
508 744 547 795 ut
558 731 593 796 in
604 743 799 796 contextum
810 727 1006 811 admittant,
1018 745 1051 796 et
1062 752 1126 798 nos
1137 731 1175 800 ad

133 849 270 941 paginas
286 846 390 941 hujus
402 845 583 917 voluminis
598 849 774 919 referenda
785 848 963 942 diligenter
974 853 1175 919 curavimus.

153 1167 209 1204 rto.

265 1170 336 1206 VBM.
534 1170 582 1207 PRO

251 1284 255 1295 ⁸
292 1295 323 1348 18
377 1293 507 1366 amplior,

288 1381 323 1452 67
377 1385 615 1448 Famosurserrat‚

271 1464 325 1541 ἰ27
378 1471 534 1539 mendaces,

289 1558 323 1612 32
376 1561 485 1628 Noctis,

167 1915 174 1928 ‘
192 1954 198 1966 .
293 1932 320 1967 22
377 1912 516 1986 legesque,

288 2022 322 2075 ²9
375 2006 579 2078 Quum-qaum,

287 2092 321 2145 83
374 2094 522 2162 promissa,

286 2181 321 2250 93
376 2181 539 2249 admirante,

166 2268 197 2324 ¹.
272 2287 318 2322 222
374 2271 462 2338 Deus,

302 2359 320 2426 4
372 2359 600 2430 Tuqneinimica,

285 2446 320 2499 26
372 2447 489 2515 Crescit,

287 2532 319 2586 25
372 2537 480 2602 cannis,
529 2520 543 2529 '¹

284 2623 318 2690 42
372 2621 494 2691 tardum,

165 2709 171 2720 '
190 2749 196 2761 .
285 2710 319 2777 43
373 2713 501 2777 rescitur,

286 2797 320 2851 55
372 2799 528 2870 ferumque,

285 2889 318 2958 73
373 2907 497 2961 queque,

189 3019 194 3030 .
284 2979 317 3049 74
371 2991 519 3050 permutat,

164 3067 195 3119 '.
286 3084 320 3138 92
374 3067 472 3134 adivit,

286 3172 320 3225 ²7
373 3173 454 3220 vexo,

269 3244 319 3298 130
372 3257 488 3311 arctare,

266 3332 317 3383 223
371 3333 515 3396 meruitve,

286 3420 319 3472 52
373 3411 431 3486 liic,

270 3509 316 3565 252
373 3507 510 3579 avidique,

287 3618 319 3654 20
373 3598 443 3665 haec,

284 3686 318 3742 55
374 3698 519 3751 scrutatur,

283 3775 318 3830 65
371 3774 507 3838 dextram,

285 3865 318 3917 82
372 3865 477 3929 sevius,

165 3957 170 3968 '
189 3995 195 4006 .
283 3954 318 4025 96
371 3957 458 4019 sevis,

271 4041 318 4096 105
372 4045 468 4109 amari,

834 1167 939 1204 tntum
953 1167 979 1204 11!
991 1167 1117 1204 comrr.

789 1294 876 1347 altius.

789 1383 894 1435 Famosi
904 1392 1017 1434 serrant.

788 1471 937 1524 mordaces.

787 1559 879 1614 Sertis.

790 1652 864 1703 tanti.

787 1750 843 1790 aut.

789 1839 919 1899 questum.

787 1916 867 1988 leges.

785 2008 917 2078 Qua-qua.

784 2095 921 2165 permissa,

785 2182 951 2235 adversante.

783 2273 865 2324 Deos.

782 2362 824 2413 'l'u
838 2376 946 2432 qaoque
958 2370 1039 2410 muta.

784 2445 878 2499 Cessit,

783 2537 886 2588 cannis.

783 2637 896 2675 tantum.

709 2738 711 2742 =
784 2711 924 2763 vescimur.

785 2798 912 2850 fetumve.

787 2889 895 2960 quique.

784 2989 943 3049 permutant.

785 3064 841 3118 abit
853 3067 890 3118 in.

785 3171 872 3205 verso.

781 3246 892 3313 jactare.

783 3331 911 3382 renuitve.

784 3507 894 3561 aridive.

784 3616 824 3650 ea.

783 3694 892 3735 tutatur.

785 3770 913 3822 dextram.

786 3858 880 3910 secius.

784 3949 856 4000 seris.

783 4053 909 4089 amorem.
