2664 4816
140 386 159 426 x
539 357 785 423 PRAEFATlO

140 492 284 582 quisset,
304 488 368 552 nisi
387 501 425 550 ut
440 468 526 575 opus
545 502 596 549 tot
612 487 764 552 numeris
782 483 975 553 absolutum
991 491 1082 581 typis
1101 491 1185 558 inte·

139 629 239 698 grum
257 620 291 670 et
310 605 472 669 intactum
492 601 741 692 religiosissime
761 601 1014 674 demandarent.
1041 612 1115 675 Non
1139 611 1186 676 ita

138 742 250 790 tamen
264 719 458 788 absolutum
471 742 558 813 opus
572 718 765 788 Marklandi
780 726 949 816 reputavit
962 749 1113 819 nuperus
1127 726 1185 794 Sil·

138 867 255 911 varum
270 840 404 922 Editor,
422 840 640 905 Ferdinandus
654 842 821 924 Handius,
840 858 878 908 ut
892 866 961 910 non
975 844 1187 914 emendanda

138 960 317 1042 nonnulla,
329 957 428 1051 plura
439 980 520 1025 vero
531 955 685 1024 addenda
694 954 905 1049 judicaverit.
919 964 1112 1031 Doctissimi
1122 961 1186 1031 hu·

133 1081 188 1175 jus
209 1083 273 1149 viri
297 1078 541 1170 disputationes
569 1082 673 1169 (quas
693 1100 763 1145 non
781 1076 871 1145 ultra
890 1104 1028 1148 carmen
1049 1105 1087 1150 111
1105 1082 1183 1152 libri

134 1205 235 1295 primi
254 1199 364 1268 adhuc
387 1195 564 1290 protulit),
583 1199 730 1289 integras
747 1198 816 1265 fere
831 1202 1038 1294 recepimus;
1055 1226 1120 1270 nec
1135 1205 1186 1272 in·

136 1340 270 1415 gratum
284 1320 415 1389 erudito
428 1319 545 1387 lectori
559 1319 630 1386 fore
645 1324 874 1413 speravimus,
892 1323 921 1388 si
935 1321 1027 1391 haud
1041 1326 1086 1392 ita
1101 1326 1184 1393 infe·

136 1448 259 1511 riorem
271 1439 432 1507 aemulum
454 1463 534 1505 cum
555 1440 629 1530 ipso
652 1437 855 1507 Marklando
873 1445 1184 1525 committeremus,

136 1577 337 1629 eventurum
351 1558 431 1626 inde
445 1556 581 1638 confisi,
596 1572 635 1622 ut
649 1567 737 1623 nova
755 1555 816 1624 lux
834 1557 1034 1652 aliquando,
1055 1584 1096 1627 ex
1111 1563 1187 1653 ipsa

136 1702 251 1745 rerum
266 1691 325 1745 aut
336 1674 517 1743 verborum
526 1676 741 1741 contentione
751 1690 890 1765 repente
900 1675 1087 1770 effulgeret.
1099 1683 1185 1775 Nec,

137 1803 165 1866 si
185 1799 271 1868 forte
290 1820 427 1865 carmen
444 1794 578 1887 longius
600 1794 824 1886 productum,
848 1796 903 1864 vel
915 1797 1058 1890 planum
1071 1802 1187 1869 minus

135 1934 391 2014 argumentum,
413 1917 550 1984 Domitii
573 1914 848 1985 Praefatiunculas
876 1921 1072 2005 omisimus,
1101 1945 1186 2015 quas

135 2039 302 2109 Silvarum
311 2040 433 2133 cuique
442 2035 664 2128 praefigendas
674 2054 872 2105 curaverat:
887 2041 942 2106 cui
952 2039 1090 2133 quidem
1099 2065 1187 2110 non-

136 2160 231 2228 nulla
242 2162 361 2242 etiam,
378 2182 454 2253 quae
470 2161 541 2225 sive
553 2156 597 2225 ad
613 2157 788 2227 historiam
804 2176 837 2227 et
853 2162 1109 2256 geographiam,
1129 2179 1189 2230 aut

136 2278 179 2347 ad
203 2279 414 2347 obscuriores
436 2252 640 2374 quosdam„
621 2291 774 2345 veterum
799 2278 936 2370 mythos
959 2281 1187 2372 pertinerent,

137 2383 297 2496 acceptu
287 2351 443 2496 hmrdfde
446 2383 677 2478 rehumus

184 2545 397 2670 Supererat}
386 2570 450 2685 pat}
460 2542 605 2657 qnpd
568 2544 653 2623 ‹ih'm
668 2474 891 2622 lllarltlando
882 2578 917 2621 m
929 2570 1079 2623 mentem
1090 2578 1189 2622 vene-

138 2691 207 2757 rat,
222 2658 507 2776 neccqnccs'suni
510 2665 781 2778 dtpeificeret,
773 2698 837 2766 ipsi
828 2673 1107 2765 perficeremus:
1122 2673 1189 2742 col·

138 2794 300 2864 lationem
309 2759 653 2885 ’clietilldgt’i'ssdflicis‚
675 2791 801 2886 «cujus
813 2793 1034 2888 aliquando'
1008 2819 1037 2862 ει
1049 2818 1189 2887 compos

138 2918 306 3000 fuerim,'
299 2920 408 3010 inquit
429 2915 685 2985 Marklandus
678 2942 714 2983 m
740 2916 940 2985 Praefatione
962 2941 1039 2997 sua,
1063 2933 1190 2984 nostrae

138 3038 344 3127 postposita,
370 3037 455 3102 etsi
479 3039 563 3102 tanti
581 3035 768 3117 videbitur,
789 3059 888 3104 curas
912 3035 1079 3104 secundas
1108 3036 1191 3105 huic

138 3155 232 3245 operi
253 3178 322 3221 non
344 3155 472 3247 pigebit
493 3153 731 3247 impendere.»
764 3160 869 3223 Porro
892 3154 1042 3223 codicem
1069 3153 1188 3238 illum,

139 3298 241 3367 quem
261 3278 337 3340 satis
357 3280 547 3368 antiquum,
573 3276 774 3344 Marklando
799 3293 902 3359 teste,
929 3275 992 3343 Th.
1020 3276 1190 3345 bentleius

135 3392 363 3487 judicaverat,
379 3398 465 3462 inter
479 3415 618 3465 caeteros
634 3401 682 3467 sic
696 3413 791 3466 notat
805 3421 908 3491 supra
920 3395 1076 3479 laudatus
1089 3396 1187 3465 Ferd.

141 3513 313 3582 Handius:

199 3652 321 3713 “Codex
344 3655 532 3729 Purisiensu,
557 3654 752 3730 chartaceus,
776 3676 858 3716 unus
884 3654 955 3728 ille,
978 3674 1072 3734 quem
1095 3650 1191 3713 habet

158 3747 350 3810 Bibliotheca
364 3753 476 3833 Regia,
492 3758 528 3811 n⁰
543 3754 619 3813 8282
634 3755 799 3834 signatum.
821 3753 969 3811 Continet
986 3771 1085 3813 cxxxv
1104 3748 1190 3810 foliis

158 3843 285 3905 diversae
298 3849 435 3910 materiae
446 3848 555 3923 Silvas,
574 3846 759 3909 Achilleidos
776 3848 870 3909 libros
886 3849 932 3922 ll,
949 3848 1043 3907 Persii
1060 3847 1189 3919 Satiras,

158 3942 291 4004 Sallustii
304 3946 552 4008 Declamationes
567 3949 599 4007 in
615 3949 813 4024 Ciceronem,
828 3945 1002 4030 Epistolam
1017 3948 1054 4005 N.
1066 3945 1190 4026 llogerii

157 4041 197 4101 ad
213 4043 368 4106 loannem
381 4047 588 4109 Maludanum
598 4059 630 4108 ct
642 4046 818 4131 fragmenta
831 4069 867 4110 ex
884 4046 989 4109 Ovidii
1006 4045 1119 4119 Fastis,
1137 4044 1188 4105 sed
