<?xml version="1.0" encoding="UTF-8"?>
<!DOCTYPE html PUBLIC "-//W3C//DTD XHTML 1.0 Transitional//EN"
    "http://www.w3.org/TR/xhtml1/DTD/xhtml1-transitional.dtd">
<html xmlns="http://www.w3.org/1999/xhtml" xml:lang="en" lang="en">
 <head>
  <title>
</title>
<meta http-equiv="Content-Type" content="text/html;charset=utf-8" />
  <meta name='ocr-system' content='tesseract 3.04.00' />
  <meta name='ocr-capabilities' content='ocr_page ocr_carea ocr_par ocr_line ocrx_word'/>
</head>
<body>
  <div class='ocr_page' id='page_1' title='image "bibliothecaclas58lemagoog_0044.png"; bbox 0 0 2664 4816; ppageno 0'>
   <div class='ocr_carea' id='block_1_1' title="bbox 10 375 1117 477">
    <p class='ocr_par' dir='ltr' id='par_1_1' title="bbox 10 375 1117 477">
     <span class='ocr_line' id='line_1_1' title="bbox 10 375 1117 477; baseline 0.009 -36"><span class='ocrx_word' id='word_1_1' title='bbox 10 398 17 477; x_wconf 76' lang='grc' dir='ltr'>Ι</span> <span class='ocrx_word' id='word_1_2' title='bbox 463 378 721 444; x_wconf 79' lang='lat' dir='ltr'><strong>PRAEFATIO.</strong></span> <span class='ocrx_word' id='word_1_3' title='bbox 930 375 935 391; x_wconf 87' lang='lat'>&#39;</span> <span class='ocrx_word' id='word_1_4' title='bbox 1007 382 1117 476; x_wconf 79' lang='lat' dir='ltr'><strong>xxxvij</strong></span> 
     </span>
    </p>
   </div>
   <div class='ocr_carea' id='block_1_2' title="bbox 59 498 1164 1414">
    <p class='ocr_par' dir='ltr' id='par_1_2' title="bbox 59 498 1164 1414">
     <span class='ocr_line' id='line_1_2' title="bbox 68 498 1119 578; baseline 0.003 -19"><span class='ocrx_word' id='word_1_5' title='bbox 68 514 119 573; x_wconf 78' lang='lat' dir='ltr'><strong>tas,</strong></span> <span class='ocrx_word' id='word_1_6' title='bbox 131 504 244 559; x_wconf 85' lang='lat' dir='ltr'><strong>mutatis</strong></span> <span class='ocrx_word' id='word_1_7' title='bbox 256 499 398 558; x_wconf 71' lang='lat' dir='ltr'><strong>nonnullis</strong></span> <span class='ocrx_word' id='word_1_8' title='bbox 410 502 453 574; x_wconf 87' lang='lat' dir='ltr'><strong>(et</strong></span> <span class='ocrx_word' id='word_1_9' title='bbox 463 499 622 578; x_wconf 81' lang='lat' dir='ltr'><strong>frequenter</strong></span> <span class='ocrx_word' id='word_1_10' title='bbox 636 505 664 556; x_wconf 90' lang='lat' dir='ltr'><strong>in</strong></span> <span class='ocrx_word' id='word_1_11' title='bbox 676 503 772 577; x_wconf 87' lang='lat' dir='ltr'><strong>pejus)</strong></span> <span class='ocrx_word' id='word_1_12' title='bbox 782 498 826 556; x_wconf 84' lang='lat' dir='ltr'><strong>vol</strong></span> <span class='ocrx_word' id='word_1_13' title='bbox 841 519 873 556; x_wconf 80' lang='lat' dir='ltr'><strong>ex</strong></span> <span class='ocrx_word' id='word_1_14' title='bbox 884 501 944 559; x_wconf 86' lang='lat' dir='ltr'><strong>aliis</strong></span> <span class='ocrx_word' id='word_1_15' title='bbox 956 503 1119 576; x_wconf 75' lang='lat' dir='ltr'><strong>codicibus,</strong></span> 
     </span>
     <span class='ocr_line' id='line_1_3' title="bbox 66 592 1119 676; baseline 0.005 -26"><span class='ocrx_word' id='word_1_16' title='bbox 66 594 105 650; x_wconf 88' lang='lat' dir='ltr'><strong>vel</strong></span> <span class='ocrx_word' id='word_1_17' title='bbox 123 594 197 650; x_wconf 81' lang='lat' dir='ltr'><strong>forte</strong></span> <span class='ocrx_word' id='word_1_18' title='bbox 214 613 247 650; x_wconf 76' lang='lat' dir='ltr'><strong>ex</strong></span> <span class='ocrx_word' id='word_1_19' title='bbox 262 592 345 649; x_wconf 89' lang='lat' dir='ltr'><strong>libitu</strong></span> <span class='ocrx_word' id='word_1_20' title='bbox 362 595 539 663; x_wconf 83' lang='lat' dir='ltr'><strong>correctoris,</strong></span> <span class='ocrx_word' id='word_1_21' title='bbox 556 596 693 653; x_wconf 84' lang='lat' dir='ltr'><strong>Francisci</strong></span> <span class='ocrx_word' id='word_1_22' title='bbox 710 592 870 649; x_wconf 83' lang='lat' dir='ltr'><strong>Puteolani:</strong></span> <span class='ocrx_word' id='word_1_23' title='bbox 891 607 917 649; x_wconf 92' lang='lat' dir='ltr'><strong>et</strong></span> <span class='ocrx_word' id='word_1_24' title='bbox 935 616 1119 676; x_wconf 76' lang='lat' dir='ltr'><strong>quacumque</strong></span> 
     </span>
     <span class='ocr_line' id='line_1_4' title="bbox 65 682 1164 766; baseline 0.005 -24"><span class='ocrx_word' id='word_1_25' title='bbox 65 690 172 764; x_wconf 69' lang='lat' dir='ltr'><strong>egregia</strong></span> <span class='ocrx_word' id='word_1_26' title='bbox 188 686 274 743; x_wconf 81' lang='lat' dir='ltr'><strong>babet</strong></span> <span class='ocrx_word' id='word_1_27' title='bbox 293 688 467 755; x_wconf 80' lang='lat' dir='ltr'><strong>Parmensis,</strong></span> <span class='ocrx_word' id='word_1_28' title='bbox 486 685 544 742; x_wconf 83' lang='lat' dir='ltr'><strong>brec</strong></span> <span class='ocrx_word' id='word_1_29' title='bbox 562 705 674 762; x_wconf 91' lang='lat' dir='ltr'><strong>quoque</strong></span> <span class='ocrx_word' id='word_1_30' title='bbox 692 684 797 750; x_wconf 87' lang='lat' dir='ltr'><strong>babet;</strong></span> <span class='ocrx_word' id='word_1_31' title='bbox 818 696 846 740; x_wconf 92' lang='lat' dir='ltr'><strong>et</strong></span> <span class='ocrx_word' id='word_1_32' title='bbox 866 686 951 742; x_wconf 85' lang='lat' dir='ltr'><strong>multa</strong></span> <span class='ocrx_word' id='word_1_33' title='bbox 971 703 1119 766; x_wconf 70' lang='lat' dir='ltr'><strong>praterea,</strong></span> <span class='ocrx_word' id='word_1_34' title='bbox 1161 682 1164 687; x_wconf 45' lang='lat'>¹</span> 
     </span>
     <span class='ocr_line' id='line_1_5' title="bbox 63 777 1120 856; baseline 0.006 -23"><span class='ocrx_word' id='word_1_35' title='bbox 63 798 123 856; x_wconf 68' lang='lat' dir='ltr'><strong>qna</strong></span> <span class='ocrx_word' id='word_1_36' title='bbox 138 779 169 833; x_wconf 89' lang='lat' dir='ltr'><strong>in</strong></span> <span class='ocrx_word' id='word_1_37' title='bbox 184 777 329 835; x_wconf 81' lang='lat' dir='ltr'><strong>Addendis</strong></span> <span class='ocrx_word' id='word_1_38' title='bbox 346 778 439 833; x_wconf 87' lang='lat' dir='ltr'><strong>videas</strong></span> <span class='ocrx_word' id='word_1_39' title='bbox 455 802 462 831; x_wconf 73' lang='grc' dir='ltr'><em>ι</em></span> <span class='ocrx_word' id='word_1_40' title='bbox 481 777 552 834; x_wconf 88' lang='lat' dir='ltr'><strong>adeo</strong></span> <span class='ocrx_word' id='word_1_41' title='bbox 568 791 600 834; x_wconf 92' lang='lat' dir='ltr'><strong>ut</strong></span> <span class='ocrx_word' id='word_1_42' title='bbox 615 778 720 854; x_wconf 88' lang='lat' dir='ltr'><strong>absque</strong></span> <span class='ocrx_word' id='word_1_43' title='bbox 737 778 789 833; x_wconf 88' lang='lat' dir='ltr'><strong>bac</strong></span> <span class='ocrx_word' id='word_1_44' title='bbox 805 780 919 834; x_wconf 91' lang='lat' dir='ltr'><strong>omnino</strong></span> <span class='ocrx_word' id='word_1_45' title='bbox 936 798 1033 837; x_wconf 80' lang='lat' dir='ltr'><strong>manea</strong></span> <span class='ocrx_word' id='word_1_46' title='bbox 1051 782 1120 839; x_wconf 83' lang='lat' dir='ltr'><strong>fuis·</strong></span> 
     </span>
     <span class='ocr_line' id='line_1_6' title="bbox 63 867 1141 946; baseline 0.005 -19"><span class='ocrx_word' id='word_1_47' title='bbox 63 882 103 927; x_wconf 85' lang='lat' dir='ltr'><strong>set</strong></span> <span class='ocrx_word' id='word_1_48' title='bbox 119 883 218 927; x_wconf 88' lang='lat' dir='ltr'><strong>nostra</strong></span> <span class='ocrx_word' id='word_1_49' title='bbox 235 868 335 927; x_wconf 80' lang='lat' dir='ltr'><strong>Editio.</strong></span> <span class='ocrx_word' id='word_1_50' title='bbox 352 869 436 927; x_wconf 85' lang='lat' dir='ltr'><strong>Liber</strong></span> <span class='ocrx_word' id='word_1_51' title='bbox 452 881 493 927; x_wconf 88' lang='lat' dir='ltr'><strong>est</strong></span> <span class='ocrx_word' id='word_1_52' title='bbox 511 867 729 946; x_wconf 87' lang='lat' dir='ltr'><strong>pulcherrimus,</strong></span> <span class='ocrx_word' id='word_1_53' title='bbox 748 871 778 926; x_wconf 91' lang='lat' dir='ltr'><strong>in</strong></span> <span class='ocrx_word' id='word_1_54' title='bbox 796 868 888 925; x_wconf 84' lang='lat' dir='ltr'><strong>Folio:</strong></span> <span class='ocrx_word' id='word_1_55' title='bbox 909 872 938 926; x_wconf 92' lang='lat' dir='ltr'><strong>in</strong></span> <span class='ocrx_word' id='word_1_56' title='bbox 957 871 1055 928; x_wconf 88' lang='lat' dir='ltr'><strong>eodem</strong></span> <span class='ocrx_word' id='word_1_57' title='bbox 1070 894 1141 932; x_wconf 90' lang='lat' dir='ltr'><strong>vo·-</strong></span> 
     </span>
     <span class='ocr_line' id='line_1_7' title="bbox 60 960 1120 1039; baseline 0.003 -18"><span class='ocrx_word' id='word_1_58' title='bbox 60 961 166 1021; x_wconf 87' lang='lat' dir='ltr'><strong>lnmine</strong></span> <span class='ocrx_word' id='word_1_59' title='bbox 179 966 357 1021; x_wconf 85' lang='lat' dir='ltr'><strong>eontinentur</strong></span> <span class='ocrx_word' id='word_1_60' title='bbox 370 960 510 1033; x_wconf 84' lang='lat' dir='ltr'><strong>Catullus,</strong></span> <span class='ocrx_word' id='word_1_61' title='bbox 522 961 665 1033; x_wconf 81' lang='lat' dir='ltr'><strong>Tibullus,</strong></span> <span class='ocrx_word' id='word_1_62' title='bbox 679 974 706 1018; x_wconf 93' lang='lat' dir='ltr'><strong>et</strong></span> <span class='ocrx_word' id='word_1_63' title='bbox 719 966 886 1039; x_wconf 81' lang='lat' dir='ltr'><strong>Propertius.</strong></span> <span class='ocrx_word' id='word_1_64' title='bbox 899 969 962 1019; x_wconf 89' lang='lat' dir='ltr'><strong>Uno</strong></span> <span class='ocrx_word' id='word_1_65' title='bbox 974 984 1048 1022; x_wconf 87' lang='lat' dir='ltr'><strong>anno</strong></span> <span class='ocrx_word' id='word_1_66' title='bbox 1058 974 1120 1024; x_wconf 84' lang='lat' dir='ltr'><strong>Par·</strong></span> 
     </span>
     <span class='ocr_line' id='line_1_8' title="bbox 60 1055 1119 1136; baseline 0.005 -24"><span class='ocrx_word' id='word_1_67' title='bbox 60 1076 187 1113; x_wconf 87' lang='lat' dir='ltr'><strong>mensem</strong></span> <span class='ocrx_word' id='word_1_68' title='bbox 200 1058 358 1135; x_wconf 75' lang='lat' dir='ltr'><strong>praecessit,</strong></span> <span class='ocrx_word' id='word_1_69' title='bbox 374 1057 527 1132; x_wconf 87' lang='lat' dir='ltr'><strong>impressus</strong></span> <span class='ocrx_word' id='word_1_70' title='bbox 545 1057 668 1111; x_wconf 80' lang='lat' dir='ltr'><strong>venetiis</strong></span> <span class='ocrx_word' id='word_1_71' title='bbox 687 1058 738 1110; x_wconf 79' lang='lat' dir='ltr'><strong>An.</strong></span> <span class='ocrx_word' id='word_1_72' title='bbox 763 1058 842 1129; x_wconf 70' lang='lat'>¹⁴7²·</span> <span class='ocrx_word' id='word_1_73' title='bbox 862 1062 926 1112; x_wconf 83' lang='lat' dir='ltr'><strong>Non</strong></span> <span class='ocrx_word' id='word_1_74' title='bbox 939 1055 1036 1115; x_wconf 89' lang='lat' dir='ltr'><strong>dubito</strong></span> <span class='ocrx_word' id='word_1_75' title='bbox 1050 1063 1119 1136; x_wconf 88' lang='lat' dir='ltr'><strong>quin</strong></span> 
     </span>
     <span class='ocr_line' id='line_1_9' title="bbox 60 1147 1138 1225; baseline 0 -18"><span class='ocrx_word' id='word_1_76' title='bbox 60 1149 120 1207; x_wconf 61' lang='lat' dir='ltr'><strong>hc</strong></span> <span class='ocrx_word' id='word_1_77' title='bbox 129 1151 304 1207; x_wconf 82' lang='lat' dir='ltr'><strong>sitomnium</strong></span> <span class='ocrx_word' id='word_1_78' title='bbox 314 1149 506 1225; x_wconf 85' lang='lat' dir='ltr'><strong>antiquissima</strong></span> <span class='ocrx_word' id='word_1_79' title='bbox 515 1147 614 1203; x_wconf 88' lang='lat' dir='ltr'><strong>barum</strong></span> <span class='ocrx_word' id='word_1_80' title='bbox 623 1147 767 1225; x_wconf 79' lang='lat' dir='ltr'><strong>Sylvarum</strong></span> <span class='ocrx_word' id='word_1_81' title='bbox 776 1149 881 1215; x_wconf 77' lang='lat' dir='ltr'><strong>Editi03</strong></span> <span class='ocrx_word' id='word_1_82' title='bbox 894 1163 979 1222; x_wconf 88' lang='lat' dir='ltr'><strong>certe,</strong></span> <span class='ocrx_word' id='word_1_83' title='bbox 991 1155 1138 1209; x_wconf 62' lang='lat' dir='ltr'><strong>omniumr</strong></span> 
     </span>
     <span class='ocr_line' id='line_1_10' title="bbox 59 1240 1120 1320; baseline 0.002 -21"><span class='ocrx_word' id='word_1_84' title='bbox 59 1246 204 1299; x_wconf 73' lang='lat' dir='ltr'><strong>unissima</strong></span> <span class='ocrx_word' id='word_1_85' title='bbox 215 1255 271 1309; x_wconf 79' lang='lat' dir='ltr'><strong>est;</strong></span> <span class='ocrx_word' id='word_1_86' title='bbox 283 1260 374 1318; x_wconf 91' lang='lat' dir='ltr'><strong>neque</strong></span> <span class='ocrx_word' id='word_1_87' title='bbox 383 1243 555 1297; x_wconf 82' lang='lat' dir='ltr'><strong>mentionem</strong></span> <span class='ocrx_word' id='word_1_88' title='bbox 567 1245 626 1317; x_wconf 88' lang='lat' dir='ltr'><strong>ejus</strong></span> <span class='ocrx_word' id='word_1_89' title='bbox 637 1240 703 1297; x_wconf 88' lang='lat' dir='ltr'><strong>alibi</strong></span> <span class='ocrx_word' id='word_1_90' title='bbox 713 1242 826 1297; x_wconf 89' lang='lat' dir='ltr'><strong>invenio</strong></span> <span class='ocrx_word' id='word_1_91' title='bbox 835 1256 1020 1320; x_wconf 68' lang='lat' dir='ltr'><strong>preterquam</strong></span> <span class='ocrx_word' id='word_1_92' title='bbox 1032 1247 1061 1300; x_wconf 90' lang='lat' dir='ltr'><strong>in</strong></span> <span class='ocrx_word' id='word_1_93' title='bbox 1070 1245 1120 1301; x_wconf 90' lang='lat' dir='ltr'><strong>ob·</strong></span> 
     </span>
     <span class='ocr_line' id='line_1_11' title="bbox 59 1333 1118 1414; baseline 0.001 -20"><span class='ocrx_word' id='word_1_94' title='bbox 59 1355 142 1394; x_wconf 81' lang='lat' dir='ltr'><strong>sento</strong></span> <span class='ocrx_word' id='word_1_95' title='bbox 156 1338 212 1393; x_wconf 84' lang='lat' dir='ltr'><strong>isto</strong></span> <span class='ocrx_word' id='word_1_96' title='bbox 224 1333 328 1413; x_wconf 69' lang='lat' dir='ltr'><strong>angulo</strong></span> <span class='ocrx_word' id='word_1_97' title='bbox 340 1334 474 1391; x_wconf 82' lang='lat' dir='ltr'><strong>Editionis</strong></span> <span class='ocrx_word' id='word_1_98' title='bbox 489 1336 658 1400; x_wconf 75' lang='lat' dir='ltr'><strong>Parmensis3</strong></span> <span class='ocrx_word' id='word_1_99' title='bbox 674 1337 753 1391; x_wconf 87' lang='lat' dir='ltr'><strong>istius</strong></span> <span class='ocrx_word' id='word_1_100' title='bbox 768 1353 881 1412; x_wconf 90' lang='lat' dir='ltr'><strong>quoque</strong></span> <span class='ocrx_word' id='word_1_101' title='bbox 894 1356 1029 1414; x_wconf 81' lang='lat' dir='ltr'><strong>perquam</strong></span> <span class='ocrx_word' id='word_1_102' title='bbox 1042 1357 1118 1396; x_wconf 81' lang='lat' dir='ltr'><strong>raras.</strong></span> 
     </span>
    </p>
   </div>
   <div class='ocr_carea' id='block_1_3' title="bbox 57 1533 1199 2451">
    <p class='ocr_par' dir='ltr' id='par_1_3' title="bbox 57 1533 1199 2451">
     <span class='ocr_line' id='line_1_12' title="bbox 96 1533 1118 1613; baseline 0.003 -21"><span class='ocrx_word' id='word_1_103' title='bbox 96 1541 222 1593; x_wconf 77' lang='lat' dir='ltr'><strong>Romana</strong></span> <span class='ocrx_word' id='word_1_104' title='bbox 235 1554 348 1612; x_wconf 86' lang='lat' dir='ltr'><strong>quoque</strong></span> <span class='ocrx_word' id='word_1_105' title='bbox 360 1533 468 1605; x_wconf 81' lang='lat' dir='ltr'><strong>Editio,</strong></span> <span class='ocrx_word' id='word_1_106' title='bbox 481 1533 545 1591; x_wconf 86' lang='lat' dir='ltr'><strong>lieet</strong></span> <span class='ocrx_word' id='word_1_107' title='bbox 556 1534 592 1591; x_wconf 88' lang='lat' dir='ltr'><strong>ab</strong></span> <span class='ocrx_word' id='word_1_108' title='bbox 606 1535 665 1592; x_wconf 84' lang='lat' dir='ltr'><strong>aliis</strong></span> <span class='ocrx_word' id='word_1_109' title='bbox 678 1535 846 1613; x_wconf 81' lang='lat' dir='ltr'><strong>praefloreta,</strong></span> <span class='ocrx_word' id='word_1_110' title='bbox 862 1536 991 1593; x_wconf 90' lang='lat' dir='ltr'><strong>nonnihil</strong></span> <span class='ocrx_word' id='word_1_111' title='bbox 1007 1541 1073 1594; x_wconf 87' lang='lat' dir='ltr'><strong>novi</strong></span> <span class='ocrx_word' id='word_1_112' title='bbox 1085 1558 1118 1595; x_wconf 80' lang='lat' dir='ltr'><strong>ex</strong></span> 
     </span>
     <span class='ocr_line' id='line_1_13' title="bbox 59 1630 1118 1702; baseline 0 -12"><span class='ocrx_word' id='word_1_113' title='bbox 59 1652 113 1690; x_wconf 83' lang='lat' dir='ltr'><strong>suo</strong></span> <span class='ocrx_word' id='word_1_114' title='bbox 130 1630 268 1702; x_wconf 87' lang='lat' dir='ltr'><strong>contulit,</strong></span> <span class='ocrx_word' id='word_1_115' title='bbox 286 1642 313 1687; x_wconf 84' lang='lat' dir='ltr'><strong>et</strong></span> <span class='ocrx_word' id='word_1_116' title='bbox 330 1630 461 1687; x_wconf 86' lang='lat' dir='ltr'><strong>lectiones</strong></span> <span class='ocrx_word' id='word_1_117' title='bbox 481 1634 635 1687; x_wconf 80' lang='lat' dir='ltr'><strong>Parmensis</strong></span> <span class='ocrx_word' id='word_1_118' title='bbox 649 1642 677 1686; x_wconf 90' lang='lat' dir='ltr'><strong>et</strong></span> <span class='ocrx_word' id='word_1_119' title='bbox 694 1638 804 1687; x_wconf 75' lang='lat' dir='ltr'><strong>Venetae</strong></span> <span class='ocrx_word' id='word_1_120' title='bbox 822 1631 906 1687; x_wconf 86' lang='lat' dir='ltr'><strong>Editt.</strong></span> <span class='ocrx_word' id='word_1_121' title='bbox 925 1632 1118 1701; x_wconf 75' lang='lat' dir='ltr'><strong>confirmavi13</strong></span> 
     </span>
     <span class='ocr_line' id='line_1_14' title="bbox 58 1721 1118 1803; baseline 0.003 -22"><span class='ocrx_word' id='word_1_122' title='bbox 58 1724 137 1802; x_wconf 88' lang='lat' dir='ltr'><strong>qnod</strong></span> <span class='ocrx_word' id='word_1_123' title='bbox 150 1726 258 1803; x_wconf 83' lang='lat' dir='ltr'><strong>passim</strong></span> <span class='ocrx_word' id='word_1_124' title='bbox 268 1722 386 1783; x_wconf 75' lang='lat' dir='ltr'><strong>videbis.</strong></span> <span class='ocrx_word' id='word_1_125' title='bbox 402 1726 474 1779; x_wconf 84' lang='lat' dir='ltr'><strong>Huic</strong></span> <span class='ocrx_word' id='word_1_126' title='bbox 492 1722 602 1799; x_wconf 86' lang='lat' dir='ltr'><strong>praefuit</strong></span> <span class='ocrx_word' id='word_1_127' title='bbox 616 1725 754 1779; x_wconf 80' lang='lat' dir='ltr'><strong>Domitius</strong></span> <span class='ocrx_word' id='word_1_128' title='bbox 770 1721 945 1791; x_wconf 88' lang='lat' dir='ltr'><strong>Calderinus,</strong></span> <span class='ocrx_word' id='word_1_129' title='bbox 960 1744 993 1781; x_wconf 83' lang='lat' dir='ltr'><strong>ex</strong></span> <span class='ocrx_word' id='word_1_130' title='bbox 1008 1728 1118 1802; x_wconf 86' lang='lat' dir='ltr'><strong>scriptis</strong></span> 
     </span>
     <span class='ocr_line' id='line_1_15' title="bbox 59 1813 1118 1886; baseline 0.001 -13"><span class='ocrx_word' id='word_1_131' title='bbox 59 1819 90 1872; x_wconf 88' lang='lat' dir='ltr'><strong>in</strong></span> <span class='ocrx_word' id='word_1_132' title='bbox 104 1817 233 1873; x_wconf 75' lang='lat' dir='ltr'><strong>diverws</strong></span> <span class='ocrx_word' id='word_1_133' title='bbox 247 1821 381 1872; x_wconf 81' lang='lat' dir='ltr'><strong>Auctores</strong></span> <span class='ocrx_word' id='word_1_134' title='bbox 396 1815 468 1871; x_wconf 89' lang='lat' dir='ltr'><strong>bene</strong></span> <span class='ocrx_word' id='word_1_135' title='bbox 484 1827 585 1886; x_wconf 88' lang='lat' dir='ltr'><strong>notus,</strong></span> <span class='ocrx_word' id='word_1_136' title='bbox 601 1827 642 1885; x_wconf 91' lang='lat' dir='ltr'><strong>ct,</strong></span> <span class='ocrx_word' id='word_1_137' title='bbox 657 1826 688 1870; x_wconf 93' lang='lat' dir='ltr'><strong>ut</strong></span> <span class='ocrx_word' id='word_1_138' title='bbox 703 1813 751 1870; x_wconf 94' lang='lat' dir='ltr'><strong>illo</strong></span> <span class='ocrx_word' id='word_1_139' title='bbox 764 1834 837 1884; x_wconf 74' lang='lat' dir='ltr'><strong>evo,</strong></span> <span class='ocrx_word' id='word_1_140' title='bbox 851 1817 896 1870; x_wconf 89' lang='lat' dir='ltr'><strong>vir</strong></span> <span class='ocrx_word' id='word_1_141' title='bbox 910 1835 976 1872; x_wconf 86' lang='lat' dir='ltr'><strong>sano</strong></span> <span class='ocrx_word' id='word_1_142' title='bbox 989 1816 1118 1874; x_wconf 87' lang='lat' dir='ltr'><strong>doctissi-</strong></span> 
     </span>
     <span class='ocr_line' id='line_1_16' title="bbox 61 1906 1194 1984; baseline -0.001 -18"><span class='ocrx_word' id='word_1_143' title='bbox 61 1928 135 1966; x_wconf 84' lang='lat' dir='ltr'><strong>mus.</strong></span> <span class='ocrx_word' id='word_1_144' title='bbox 147 1908 234 1966; x_wconf 78' lang='lat' dir='ltr'><strong>Multa</strong></span> <span class='ocrx_word' id='word_1_145' title='bbox 247 1907 294 1965; x_wconf 89' lang='lat' dir='ltr'><strong>ille</strong></span> <span class='ocrx_word' id='word_1_146' title='bbox 310 1910 395 1965; x_wconf 87' lang='lat' dir='ltr'><strong>Statio</strong></span> <span class='ocrx_word' id='word_1_147' title='bbox 406 1906 523 1965; x_wconf 86' lang='lat' dir='ltr'><strong>feliciter</strong></span> <span class='ocrx_word' id='word_1_148' title='bbox 533 1909 669 1972; x_wconf 85' lang='lat' dir='ltr'><strong>restituit;</strong></span> <span class='ocrx_word' id='word_1_149' title='bbox 686 1910 716 1962; x_wconf 91' lang='lat' dir='ltr'><strong>in</strong></span> <span class='ocrx_word' id='word_1_150' title='bbox 730 1906 825 1963; x_wconf 90' lang='lat' dir='ltr'><strong>multis</strong></span> <span class='ocrx_word' id='word_1_151' title='bbox 841 1906 985 1984; x_wconf 81' lang='lat' dir='ltr'><strong>pueriliter</strong></span> <span class='ocrx_word' id='word_1_152' title='bbox 998 1912 1117 1965; x_wconf 75' lang='lat' dir='ltr'><strong>erravitz</strong></span> <span class='ocrx_word' id='word_1_153' title='bbox 1187 1946 1194 1955; x_wconf 82' lang='lat'><em>-</em></span> 
     </span>
     <span class='ocr_line' id='line_1_17' title="bbox 59 1998 1118 2076; baseline 0.002 -19"><span class='ocrx_word' id='word_1_154' title='bbox 59 2001 118 2059; x_wconf 88' lang='lat' dir='ltr'><strong>boc</strong></span> <span class='ocrx_word' id='word_1_155' title='bbox 131 2013 224 2057; x_wconf 75' lang='lat' dir='ltr'><strong>umen</strong></span> <span class='ocrx_word' id='word_1_156' title='bbox 241 2003 355 2057; x_wconf 87' lang='lat' dir='ltr'><strong>nomine</strong></span> <span class='ocrx_word' id='word_1_157' title='bbox 370 2001 489 2056; x_wconf 79' lang='lat' dir='ltr'><strong>maxime</strong></span> <span class='ocrx_word' id='word_1_158' title='bbox 502 1998 673 2076; x_wconf 85' lang='lat' dir='ltr'><strong>culpandus,</strong></span> <span class='ocrx_word' id='word_1_159' title='bbox 687 1999 763 2076; x_wconf 89' lang='lat' dir='ltr'><strong>quod</strong></span> <span class='ocrx_word' id='word_1_160' title='bbox 779 2001 802 2055; x_wconf 90' lang='lat' dir='ltr'><strong>si</strong></span> <span class='ocrx_word' id='word_1_161' title='bbox 818 1999 887 2076; x_wconf 90' lang='lat' dir='ltr'><strong>quid</strong></span> <span class='ocrx_word' id='word_1_162' title='bbox 900 2019 958 2056; x_wconf 91' lang='lat' dir='ltr'><strong>nou</strong></span> <span class='ocrx_word' id='word_1_163' title='bbox 976 1999 1118 2059; x_wconf 83' lang='lat' dir='ltr'><strong>intellexe-</strong></span> 
     </span>
     <span class='ocr_line' id='line_1_18' title="bbox 58 2091 1199 2171; baseline 0 -20"><span class='ocrx_word' id='word_1_164' title='bbox 58 2097 113 2165; x_wconf 81' lang='lat' dir='ltr'><strong>rit,</strong></span> <span class='ocrx_word' id='word_1_165' title='bbox 126 2097 220 2151; x_wconf 85' lang='lat' dir='ltr'><strong>statim</strong></span> <span class='ocrx_word' id='word_1_166' title='bbox 232 2096 364 2160; x_wconf 85' lang='lat' dir='ltr'><strong>mutavit;</strong></span> <span class='ocrx_word' id='word_1_167' title='bbox 379 2096 462 2149; x_wconf 85' lang='lat' dir='ltr'><strong>etiam</strong></span> <span class='ocrx_word' id='word_1_168' title='bbox 476 2091 595 2149; x_wconf 82' lang='lat' dir='ltr'><strong>absurde</strong></span> <span class='ocrx_word' id='word_1_169' title='bbox 608 2110 828 2168; x_wconf 67' lang='lat' dir='ltr'><strong>nonnunquam</strong></span> <span class='ocrx_word' id='word_1_170' title='bbox 843 2111 916 2168; x_wconf 72' lang='lat' dir='ltr'><strong>saepe</strong></span> <span class='ocrx_word' id='word_1_171' title='bbox 928 2094 1028 2163; x_wconf 89' lang='lat' dir='ltr'><strong>etiam,</strong></span> <span class='ocrx_word' id='word_1_172' title='bbox 1042 2095 1118 2171; x_wconf 93' lang='lat' dir='ltr'><strong>quod</strong></span> <span class='ocrx_word' id='word_1_173' title='bbox 1196 2157 1199 2162; x_wconf 61' lang='grc'>,</span> 
     </span>
     <span class='ocr_line' id='line_1_19' title="bbox 60 2183 1117 2265; baseline 0 -21"><span class='ocrx_word' id='word_1_174' title='bbox 60 2187 144 2244; x_wconf 81' lang='lat' dir='ltr'><strong>valde</strong></span> <span class='ocrx_word' id='word_1_175' title='bbox 155 2191 292 2265; x_wconf 88' lang='lat' dir='ltr'><strong>suspicor,</strong></span> <span class='ocrx_word' id='word_1_176' title='bbox 303 2185 380 2243; x_wconf 86' lang='lat' dir='ltr'><strong>nulla</strong></span> <span class='ocrx_word' id='word_1_177' title='bbox 390 2189 529 2243; x_wconf 83' lang='lat' dir='ltr'><strong>mentione</strong></span> <span class='ocrx_word' id='word_1_178' title='bbox 540 2185 620 2242; x_wconf 84' lang='lat' dir='ltr'><strong>facta.</strong></span> <span class='ocrx_word' id='word_1_179' title='bbox 631 2183 711 2241; x_wconf 87' lang='lat' dir='ltr'><strong>Utilis</strong></span> <span class='ocrx_word' id='word_1_180' title='bbox 721 2197 812 2240; x_wconf 90' lang='lat' dir='ltr'><strong>tamen</strong></span> <span class='ocrx_word' id='word_1_181' title='bbox 821 2185 926 2256; x_wconf 81' lang='lat' dir='ltr'><strong>Editio,</strong></span> <span class='ocrx_word' id='word_1_182' title='bbox 938 2187 1014 2263; x_wconf 90' lang='lat' dir='ltr'><strong>quod</strong></span> <span class='ocrx_word' id='word_1_183' title='bbox 1026 2188 1117 2245; x_wconf 88' lang='lat' dir='ltr'><strong>diver-</strong></span> 
     </span>
     <span class='ocr_line' id='line_1_20' title="bbox 59 2281 1118 2355; baseline 0 -17"><span class='ocrx_word' id='word_1_184' title='bbox 59 2299 159 2338; x_wconf 86' lang='lat' dir='ltr'><strong>sorum</strong></span> <span class='ocrx_word' id='word_1_185' title='bbox 167 2281 302 2337; x_wconf 82' lang='lat' dir='ltr'><strong>Codicum</strong></span> <span class='ocrx_word' id='word_1_186' title='bbox 314 2281 479 2354; x_wconf 81' lang='lat' dir='ltr'><strong>scripturam</strong></span> <span class='ocrx_word' id='word_1_187' title='bbox 488 2290 680 2355; x_wconf 53' lang='lat' dir='ltr'><strong>repraesentem</strong></span> <span class='ocrx_word' id='word_1_188' title='bbox 692 2297 781 2354; x_wconf 90' lang='lat' dir='ltr'><strong>quum</strong></span> <span class='ocrx_word' id='word_1_189' title='bbox 790 2283 849 2353; x_wconf 86' lang='lat' dir='ltr'><strong>jam</strong></span> <span class='ocrx_word' id='word_1_190' title='bbox 859 2296 936 2354; x_wconf 78' lang='lat' dir='ltr'><strong>paene</strong></span> <span class='ocrx_word' id='word_1_191' title='bbox 946 2293 1037 2337; x_wconf 89' lang='lat' dir='ltr'><strong>certus</strong></span> <span class='ocrx_word' id='word_1_192' title='bbox 1048 2283 1118 2352; x_wconf 89' lang='lat' dir='ltr'><strong>sim,</strong></span> 
     </span>
     <span class='ocr_line' id='line_1_21' title="bbox 57 2369 1119 2451; baseline -0.001 -20"><span class='ocrx_word' id='word_1_193' title='bbox 57 2376 233 2445; x_wconf 86' lang='lat' dir='ltr'><strong>Domitium,</strong></span> <span class='ocrx_word' id='word_1_194' title='bbox 245 2372 357 2451; x_wconf 85' lang='lat' dir='ltr'><strong>quando</strong></span> <span class='ocrx_word' id='word_1_195' title='bbox 370 2375 452 2426; x_wconf 86' lang='lat' dir='ltr'><strong>istam</strong></span> <span class='ocrx_word' id='word_1_196' title='bbox 464 2369 619 2447; x_wconf 79' lang='lat' dir='ltr'><strong>evulgaret,</strong></span> <span class='ocrx_word' id='word_1_197' title='bbox 630 2390 687 2426; x_wconf 92' lang='lat' dir='ltr'><strong>non</strong></span> <span class='ocrx_word' id='word_1_198' title='bbox 699 2369 801 2426; x_wconf 88' lang='lat' dir='ltr'><strong>vidisse</strong></span> <span class='ocrx_word' id='word_1_199' title='bbox 812 2383 858 2426; x_wconf 89' lang='lat' dir='ltr'><strong>aut</strong></span> <span class='ocrx_word' id='word_1_200' title='bbox 870 2377 1058 2444; x_wconf 87' lang='lat' dir='ltr'><strong>Parmensem,</strong></span> <span class='ocrx_word' id='word_1_201' title='bbox 1070 2387 1119 2431; x_wconf 86' lang='lat' dir='ltr'><strong>aut</strong></span> 
     </span>
    </p>
   </div>
   <div class='ocr_carea' id='block_1_4' title="bbox 56 2462 1116 2615">
    <p class='ocr_par' dir='ltr' id='par_1_4' title="bbox 56 2462 1116 2615">
     <span class='ocr_line' id='line_1_22' title="bbox 56 2462 1116 2545; baseline -0.002 -21"><span class='ocrx_word' id='word_1_202' title='bbox 56 2466 160 2524; x_wconf 83' lang='lat' dir='ltr'><strong>Libros</strong></span> <span class='ocrx_word' id='word_1_203' title='bbox 176 2486 210 2522; x_wconf 81' lang='lat' dir='ltr'><strong>ex</strong></span> <span class='ocrx_word' id='word_1_204' title='bbox 224 2466 326 2545; x_wconf 85' lang='lat' dir='ltr'><strong>quibus</strong></span> <span class='ocrx_word' id='word_1_205' title='bbox 340 2465 492 2521; x_wconf 85' lang='lat' dir='ltr'><strong>Parmensis</strong></span> <span class='ocrx_word' id='word_1_206' title='bbox 507 2482 634 2540; x_wconf 81' lang='lat' dir='ltr'><strong>expressa</strong></span> <span class='ocrx_word' id='word_1_207' title='bbox 650 2463 718 2519; x_wconf 85' lang='lat' dir='ltr'><strong>fuit:</strong></span> <span class='ocrx_word' id='word_1_208' title='bbox 737 2464 772 2518; x_wconf 91' lang='lat' dir='ltr'><strong>de</strong></span> <span class='ocrx_word' id='word_1_209' title='bbox 787 2481 843 2540; x_wconf 91' lang='lat' dir='ltr'><strong>quo</strong></span> <span class='ocrx_word' id='word_1_210' title='bbox 859 2462 1009 2541; x_wconf 81' lang='lat' dir='ltr'><strong>aliquando</strong></span> <span class='ocrx_word' id='word_1_211' title='bbox 1024 2468 1116 2522; x_wconf 88' lang='lat' dir='ltr'><strong>incer-</strong></span> 
     </span>
     <span class='ocr_line' id='line_1_23' title="bbox 57 2571 206 2615; baseline 0.007 -1"><span class='ocrx_word' id='word_1_212' title='bbox 57 2571 106 2614; x_wconf 76' lang='lat' dir='ltr'><strong>tus</strong></span> <span class='ocrx_word' id='word_1_213' title='bbox 120 2576 206 2615; x_wconf 73' lang='lat' dir='ltr'><strong>eram.</strong></span> 
     </span>
    </p>
   </div>
   <div class='ocr_carea' id='block_1_5' title="bbox 58 2749 1118 4036">
    <p class='ocr_par' dir='ltr' id='par_1_5' title="bbox 58 2749 1118 4036">
     <span class='ocr_line' id='line_1_24' title="bbox 98 2749 1117 2827; baseline -0.003 -17"><span class='ocrx_word' id='word_1_214' title='bbox 98 2752 152 2810; x_wconf 82' lang='lat' dir='ltr'><strong>sed</strong></span> <span class='ocrx_word' id='word_1_215' title='bbox 167 2751 275 2807; x_wconf 89' lang='lat' dir='ltr'><strong>dudum</strong></span> <span class='ocrx_word' id='word_1_216' title='bbox 291 2764 354 2806; x_wconf 84' lang='lat' dir='ltr'><strong>ante</strong></span> <span class='ocrx_word' id='word_1_217' title='bbox 370 2763 465 2807; x_wconf 89' lang='lat' dir='ltr'><strong>nactos</strong></span> <span class='ocrx_word' id='word_1_218' title='bbox 482 2751 533 2806; x_wconf 90' lang='lat' dir='ltr'><strong>hos</strong></span> <span class='ocrx_word' id='word_1_219' title='bbox 546 2749 631 2806; x_wconf 92' lang='lat' dir='ltr'><strong>libros</strong></span> <span class='ocrx_word' id='word_1_220' title='bbox 649 2753 802 2827; x_wconf 86' lang='lat' dir='ltr'><strong>suspicatus</strong></span> <span class='ocrx_word' id='word_1_221' title='bbox 820 2768 912 2819; x_wconf 87' lang='lat' dir='ltr'><strong>eram,</strong></span> <span class='ocrx_word' id='word_1_222' title='bbox 929 2751 1005 2825; x_wconf 90' lang='lat' dir='ltr'><strong>quod</strong></span> <span class='ocrx_word' id='word_1_223' title='bbox 1022 2763 1117 2827; x_wconf 87' lang='lat' dir='ltr'><strong>postea</strong></span> 
     </span>
     <span class='ocr_line' id='line_1_25' title="bbox 60 2842 1116 2922; baseline -0.002 -21"><span class='ocrx_word' id='word_1_224' title='bbox 60 2864 160 2902; x_wconf 82' lang='lat' dir='ltr'><strong>verum</strong></span> <span class='ocrx_word' id='word_1_225' title='bbox 175 2847 315 2922; x_wconf 85' lang='lat' dir='ltr'><strong>comperi,</strong></span> <span class='ocrx_word' id='word_1_226' title='bbox 328 2865 384 2902; x_wconf 90' lang='lat' dir='ltr'><strong>non</strong></span> <span class='ocrx_word' id='word_1_227' title='bbox 400 2843 518 2899; x_wconf 91' lang='lat' dir='ltr'><strong>multum</strong></span> <span class='ocrx_word' id='word_1_228' title='bbox 535 2842 627 2898; x_wconf 83' lang='lat' dir='ltr'><strong>auxilii</strong></span> <span class='ocrx_word' id='word_1_229' title='bbox 642 2844 838 2920; x_wconf 85' lang='lat' dir='ltr'><strong>expectandum</strong></span> <span class='ocrx_word' id='word_1_230' title='bbox 851 2863 911 2898; x_wconf 88' lang='lat' dir='ltr'><strong>esse</strong></span> <span class='ocrx_word' id='word_1_231' title='bbox 923 2863 938 2897; x_wconf 83' lang='lat' dir='ltr'><strong>a</strong></span> <span class='ocrx_word' id='word_1_232' title='bbox 951 2844 1060 2900; x_wconf 89' lang='lat' dir='ltr'><strong>duobus</strong></span> <span class='ocrx_word' id='word_1_233' title='bbox 1072 2844 1116 2903; x_wconf 87' lang='lat' dir='ltr'><strong>vel</strong></span> 
     </span>
     <span class='ocr_line' id='line_1_26' title="bbox 59 2935 1118 3015; baseline -0.001 -21"><span class='ocrx_word' id='word_1_234' title='bbox 59 2938 152 2994; x_wconf 87' lang='lat' dir='ltr'><strong>tribus</strong></span> <span class='ocrx_word' id='word_1_235' title='bbox 164 2937 364 3014; x_wconf 84' lang='lat' dir='ltr'><strong>exemplaribus</strong></span> <span class='ocrx_word' id='word_1_236' title='bbox 376 2938 520 3014; x_wconf 87' lang='lat' dir='ltr'><strong>quibusvis</strong></span> <span class='ocrx_word' id='word_1_237' title='bbox 531 2961 541 3015; x_wconf 71' lang='lat'><strong>²,</strong></span> <span class='ocrx_word' id='word_1_238' title='bbox 551 2939 654 3012; x_wconf 90' lang='lat' dir='ltr'><strong>quippe</strong></span> <span class='ocrx_word' id='word_1_239' title='bbox 664 2935 746 2991; x_wconf 87' lang='lat' dir='ltr'><strong>altius</strong></span> <span class='ocrx_word' id='word_1_240' title='bbox 755 2935 882 2989; x_wconf 85' lang='lat' dir='ltr'><strong>adactum</strong></span> <span class='ocrx_word' id='word_1_241' title='bbox 895 2950 952 2991; x_wconf 85' lang='lat' dir='ltr'><strong>crat</strong></span> <span class='ocrx_word' id='word_1_242' title='bbox 964 2937 1079 3003; x_wconf 89' lang='lat' dir='ltr'><strong>vulnus;</strong></span> <span class='ocrx_word' id='word_1_243' title='bbox 1091 2951 1118 2993; x_wconf 94' lang='lat' dir='ltr'><strong>et</strong></span> 
     </span>
     <span class='ocr_line' id='line_1_27' title="bbox 59 3028 1117 3111; baseline -0.002 -23"><span class='ocrx_word' id='word_1_244' title='bbox 59 3046 125 3111; x_wconf 88' lang='lat' dir='ltr'><strong>post</strong></span> <span class='ocrx_word' id='word_1_245' title='bbox 136 3035 230 3089; x_wconf 86' lang='lat' dir='ltr'><strong>omnia</strong></span> <span class='ocrx_word' id='word_1_246' title='bbox 242 3051 304 3109; x_wconf 77' lang='lat' dir='ltr'><strong>quse</strong></span> <span class='ocrx_word' id='word_1_247' title='bbox 317 3034 442 3087; x_wconf 89' lang='lat' dir='ltr'><strong>invenire</strong></span> <span class='ocrx_word' id='word_1_248' title='bbox 455 3033 531 3109; x_wconf 91' lang='lat' dir='ltr'><strong>potui</strong></span> <span class='ocrx_word' id='word_1_249' title='bbox 544 3050 560 3084; x_wconf 86' lang='lat' dir='ltr'><strong>a</strong></span> <span class='ocrx_word' id='word_1_250' title='bbox 573 3033 639 3085; x_wconf 88' lang='lat' dir='ltr'><strong>viris</strong></span> <span class='ocrx_word' id='word_1_251' title='bbox 652 3029 739 3085; x_wconf 89' lang='lat' dir='ltr'><strong>doctis</strong></span> <span class='ocrx_word' id='word_1_252' title='bbox 752 3031 877 3083; x_wconf 87' lang='lat' dir='ltr'><strong>restituta</strong></span> <span class='ocrx_word' id='word_1_253' title='bbox 889 3028 933 3084; x_wconf 87' lang='lat' dir='ltr'><strong>vel</strong></span> <span class='ocrx_word' id='word_1_254' title='bbox 946 3049 961 3083; x_wconf 91' lang='lat' dir='ltr'><strong>e</strong></span> <span class='ocrx_word' id='word_1_255' title='bbox 972 3029 1061 3086; x_wconf 88' lang='lat' dir='ltr'><strong>Libris</strong></span> <span class='ocrx_word' id='word_1_256' title='bbox 1072 3029 1117 3086; x_wconf 87' lang='lat' dir='ltr'><strong>vel</strong></span> 
     </span>
     <span class='ocr_line' id='line_1_28' title="bbox 60 3118 1116 3200; baseline -0.002 -21"><span class='ocrx_word' id='word_1_257' title='bbox 60 3127 190 3200; x_wconf 77' lang='lat' dir='ltr'><strong>ingenio,</strong></span> <span class='ocrx_word' id='word_1_258' title='bbox 205 3124 345 3180; x_wconf 87' lang='lat' dir='ltr'><strong>restabant</strong></span> <span class='ocrx_word' id='word_1_259' title='bbox 359 3122 452 3179; x_wconf 88' lang='lat' dir='ltr'><strong>adhuc</strong></span> <span class='ocrx_word' id='word_1_260' title='bbox 464 3142 542 3198; x_wconf 69' lang='lat' dir='ltr'><strong>paene</strong></span> <span class='ocrx_word' id='word_1_261' title='bbox 557 3124 703 3176; x_wconf 88' lang='lat' dir='ltr'><strong>innumera</strong></span> <span class='ocrx_word' id='word_1_262' title='bbox 719 3139 779 3197; x_wconf 82' lang='lat' dir='ltr'><strong>quae</strong></span> <span class='ocrx_word' id='word_1_263' title='bbox 793 3118 871 3174; x_wconf 89' lang='lat' dir='ltr'><strong>nullo</strong></span> <span class='ocrx_word' id='word_1_264' title='bbox 886 3120 970 3176; x_wconf 91' lang='lat' dir='ltr'><strong>modo</strong></span> <span class='ocrx_word' id='word_1_265' title='bbox 984 3134 1060 3178; x_wconf 87' lang='lat' dir='ltr'><strong>erant</strong></span> <span class='ocrx_word' id='word_1_266' title='bbox 1072 3126 1116 3179; x_wconf 52' lang='lat' dir='ltr'><strong>in&lt;-</strong></span> 
     </span>
     <span class='ocr_line' id='line_1_29' title="bbox 59 3213 1116 3293; baseline -0.001 -21"><span class='ocrx_word' id='word_1_267' title='bbox 59 3216 221 3293; x_wconf 77' lang='lat' dir='ltr'><strong>telliqenda.</strong></span> <span class='ocrx_word' id='word_1_268' title='bbox 236 3220 284 3273; x_wconf 86' lang='lat' dir='ltr'><strong>His</strong></span> <span class='ocrx_word' id='word_1_269' title='bbox 302 3218 386 3293; x_wconf 76' lang='lat' dir='ltr'><strong>igitur</strong></span> <span class='ocrx_word' id='word_1_270' title='bbox 400 3214 611 3283; x_wconf 80' lang='lat' dir='ltr'><strong>incumbebam,</strong></span> <span class='ocrx_word' id='word_1_271' title='bbox 626 3214 684 3269; x_wconf 83' lang='lat' dir='ltr'><strong>baec</strong></span> <span class='ocrx_word' id='word_1_272' title='bbox 700 3213 877 3289; x_wconf 86' lang='lat' dir='ltr'><strong>premebam,</strong></span> <span class='ocrx_word' id='word_1_273' title='bbox 891 3227 918 3269; x_wconf 87' lang='lat' dir='ltr'><strong>et</strong></span> <span class='ocrx_word' id='word_1_274' title='bbox 933 3234 1029 3270; x_wconf 87' lang='lat' dir='ltr'><strong>omnes</strong></span> <span class='ocrx_word' id='word_1_275' title='bbox 1045 3228 1116 3271; x_wconf 89' lang='lat' dir='ltr'><strong>stro·</strong></span> 
     </span>
     <span class='ocr_line' id='line_1_30' title="bbox 59 3307 1116 3387; baseline 0 -23"><span class='ocrx_word' id='word_1_276' title='bbox 59 3310 131 3387; x_wconf 87' lang='lat' dir='ltr'><strong>phas</strong></span> <span class='ocrx_word' id='word_1_277' title='bbox 145 3310 303 3366; x_wconf 88' lang='lat' dir='ltr'><strong>vertebam:</strong></span> <span class='ocrx_word' id='word_1_278' title='bbox 319 3322 346 3365; x_wconf 87' lang='lat' dir='ltr'><strong>et</strong></span> <span class='ocrx_word' id='word_1_279' title='bbox 364 3309 503 3363; x_wconf 84' lang='lat' dir='ltr'><strong>interdum</strong></span> <span class='ocrx_word' id='word_1_280' title='bbox 518 3310 618 3362; x_wconf 90' lang='lat' dir='ltr'><strong>veritas</strong></span> <span class='ocrx_word' id='word_1_281' title='bbox 635 3310 726 3383; x_wconf 90' lang='lat' dir='ltr'><strong>primo</strong></span> <span class='ocrx_word' id='word_1_282' title='bbox 743 3307 870 3362; x_wconf 87' lang='lat' dir='ltr'><strong>discursu</strong></span> <span class='ocrx_word' id='word_1_283' title='bbox 885 3326 945 3362; x_wconf 88' lang='lat' dir='ltr'><strong>sese</strong></span> <span class='ocrx_word' id='word_1_284' title='bbox 961 3308 1116 3382; x_wconf 55' lang='lat' dir='ltr'><strong>ingerebam</strong></span> 
     </span>
     <span class='ocr_line' id='line_1_31' title="bbox 58 3401 1117 3481; baseline -0.002 -22"><span class='ocrx_word' id='word_1_285' title='bbox 58 3403 210 3481; x_wconf 86' lang='lat' dir='ltr'><strong>aliquando</strong></span> <span class='ocrx_word' id='word_1_286' title='bbox 224 3423 269 3460; x_wconf 84' lang='lat' dir='ltr'><strong>res</strong></span> <span class='ocrx_word' id='word_1_287' title='bbox 286 3416 344 3459; x_wconf 84' lang='lat' dir='ltr'><strong>erat</strong></span> <span class='ocrx_word' id='word_1_288' title='bbox 363 3404 524 3459; x_wconf 86' lang='lat' dir='ltr'><strong>morosioris</strong></span> <span class='ocrx_word' id='word_1_289' title='bbox 540 3401 751 3477; x_wconf 88' lang='lat' dir='ltr'><strong>disquisitionis.</strong></span> <span class='ocrx_word' id='word_1_290' title='bbox 766 3405 797 3454; x_wconf 93' lang='lat' dir='ltr'><strong>ln</strong></span> <span class='ocrx_word' id='word_1_291' title='bbox 815 3419 941 3456; x_wconf 90' lang='lat' dir='ltr'><strong>summa:</strong></span> <span class='ocrx_word' id='word_1_292' title='bbox 960 3404 984 3456; x_wconf 92' lang='lat' dir='ltr'><strong>si</strong></span> <span class='ocrx_word' id='word_1_293' title='bbox 1002 3402 1069 3477; x_wconf 90' lang='lat' dir='ltr'><strong>quid</strong></span> <span class='ocrx_word' id='word_1_294' title='bbox 1089 3406 1117 3458; x_wconf 92' lang='lat' dir='ltr'><strong>in</strong></span> 
     </span>
     <span class='ocr_line' id='line_1_32' title="bbox 60 3494 1117 3573; baseline -0.003 -20"><span class='ocrx_word' id='word_1_295' title='bbox 60 3497 105 3553; x_wconf 89' lang='lat' dir='ltr'><strong>bis</strong></span> <span class='ocrx_word' id='word_1_296' title='bbox 117 3496 203 3553; x_wconf 86' lang='lat' dir='ltr'><strong>rebus</strong></span> <span class='ocrx_word' id='word_1_297' title='bbox 217 3499 284 3552; x_wconf 82' lang='lat' dir='ltr'><strong>certi</strong></span> <span class='ocrx_word' id='word_1_298' title='bbox 302 3499 354 3565; x_wconf 90' lang='lat' dir='ltr'><strong>sit,</strong></span> <span class='ocrx_word' id='word_1_299' title='bbox 373 3515 451 3573; x_wconf 84' lang='lat' dir='ltr'><strong>paene</strong></span> <span class='ocrx_word' id='word_1_300' title='bbox 466 3496 556 3549; x_wconf 85' lang='lat' dir='ltr'><strong>ausim</strong></span> <span class='ocrx_word' id='word_1_301' title='bbox 573 3496 601 3547; x_wconf 92' lang='lat' dir='ltr'><strong>in</strong></span> <span class='ocrx_word' id='word_1_302' title='bbox 620 3511 664 3547; x_wconf 90' lang='lat' dir='ltr'><strong>me</strong></span> <span class='ocrx_word' id='word_1_303' title='bbox 679 3494 800 3568; x_wconf 89' lang='lat' dir='ltr'><strong>recipere</strong></span> <span class='ocrx_word' id='word_1_304' title='bbox 816 3504 842 3547; x_wconf 89' lang='lat' dir='ltr'><strong>et</strong></span> <span class='ocrx_word' id='word_1_305' title='bbox 857 3506 1001 3568; x_wconf 83' lang='lat' dir='ltr'><strong>praestare,</strong></span> <span class='ocrx_word' id='word_1_306' title='bbox 1016 3505 1043 3548; x_wconf 92' lang='lat' dir='ltr'><strong>te</strong></span> <span class='ocrx_word' id='word_1_307' title='bbox 1059 3499 1117 3569; x_wconf 85' lang='lat' dir='ltr'><strong>jam</strong></span> 
     </span>
     <span class='ocr_line' id='line_1_33' title="bbox 59 3584 1117 3666; baseline -0.001 -22"><span class='ocrx_word' id='word_1_308' title='bbox 59 3588 149 3665; x_wconf 75' lang='lat' dir='ltr'><strong>legere</strong></span> <span class='ocrx_word' id='word_1_309' title='bbox 163 3608 246 3665; x_wconf 88' lang='lat' dir='ltr'><strong>posse</strong></span> <span class='ocrx_word' id='word_1_310' title='bbox 260 3592 337 3645; x_wconf 86' lang='lat' dir='ltr'><strong>Statii</strong></span> <span class='ocrx_word' id='word_1_311' title='bbox 356 3587 451 3666; x_wconf 77' lang='lat' dir='ltr'><strong>Sylvas</strong></span> <span class='ocrx_word' id='word_1_312' title='bbox 471 3587 533 3664; x_wconf 90' lang='lat' dir='ltr'><strong>plus</strong></span> <span class='ocrx_word' id='word_1_313' title='bbox 554 3604 637 3664; x_wconf 82' lang='lat' dir='ltr'><strong>quam</strong></span> <span class='ocrx_word' id='word_1_314' title='bbox 654 3598 695 3640; x_wconf 88' lang='lat' dir='ltr'><strong>ter</strong></span> <span class='ocrx_word' id='word_1_315' title='bbox 713 3597 824 3640; x_wconf 89' lang='lat' dir='ltr'><strong>centum</strong></span> <span class='ocrx_word' id='word_1_316' title='bbox 843 3584 911 3640; x_wconf 90' lang='lat' dir='ltr'><strong>loeis</strong></span> <span class='ocrx_word' id='word_1_317' title='bbox 926 3587 1065 3641; x_wconf 85' lang='lat' dir='ltr'><strong>restitutas</strong></span> <span class='ocrx_word' id='word_1_318' title='bbox 1085 3606 1117 3643; x_wconf 86' lang='lat' dir='ltr'><strong>ex</strong></span> 
     </span>
     <span class='ocr_line' id='line_1_34' title="bbox 59 3678 1118 3760; baseline -0.002 -22"><span class='ocrx_word' id='word_1_319' title='bbox 59 3688 233 3759; x_wconf 79' lang='lat' dir='ltr'><strong>conjectma3</strong></span> <span class='ocrx_word' id='word_1_320' title='bbox 243 3685 345 3760; x_wconf 86' lang='lat' dir='ltr'><strong>partim</strong></span> <span class='ocrx_word' id='word_1_321' title='bbox 356 3701 438 3739; x_wconf 88' lang='lat' dir='ltr'><strong>sensu</strong></span> <span class='ocrx_word' id='word_1_322' title='bbox 450 3692 589 3758; x_wconf 83' lang='lat' dir='ltr'><strong>praecunte</strong></span> <span class='ocrx_word' id='word_1_323' title='bbox 600 3691 627 3734; x_wconf 90' lang='lat' dir='ltr'><strong>et</strong></span> <span class='ocrx_word' id='word_1_324' title='bbox 637 3681 791 3734; x_wconf 85' lang='lat' dir='ltr'><strong>necessario</strong></span> <span class='ocrx_word' id='word_1_325' title='bbox 800 3678 955 3756; x_wconf 83' lang='lat' dir='ltr'><strong>postulante</strong></span> <span class='ocrx_word' id='word_1_326' title='bbox 966 3679 1014 3734; x_wconf 87' lang='lat' dir='ltr'><strong>has</strong></span> <span class='ocrx_word' id='word_1_327' title='bbox 1025 3699 1118 3738; x_wconf 86' lang='lat' dir='ltr'><strong>emen·</strong></span> 
     </span>
     <span class='ocr_line' id='line_1_35' title="bbox 59 3772 1118 3853; baseline -0.002 -22"><span class='ocrx_word' id='word_1_328' title='bbox 59 3775 205 3846; x_wconf 85' lang='lat' dir='ltr'><strong>dationes,</strong></span> <span class='ocrx_word' id='word_1_329' title='bbox 219 3778 321 3853; x_wconf 82' lang='lat' dir='ltr'><strong>partim</strong></span> <span class='ocrx_word' id='word_1_330' title='bbox 333 3774 420 3832; x_wconf 84' lang='lat' dir='ltr'><strong>literis</strong></span> <span class='ocrx_word' id='word_1_331' title='bbox 432 3785 458 3830; x_wconf 89' lang='lat' dir='ltr'><strong>et</strong></span> <span class='ocrx_word' id='word_1_332' title='bbox 470 3773 568 3853; x_wconf 81' lang='lat' dir='ltr'><strong>calami</strong></span> <span class='ocrx_word' id='word_1_333' title='bbox 583 3773 711 3828; x_wconf 88' lang='lat' dir='ltr'><strong>ductibus</strong></span> <span class='ocrx_word' id='word_1_334' title='bbox 724 3772 758 3827; x_wconf 87' lang='lat' dir='ltr'><strong>ad</strong></span> <span class='ocrx_word' id='word_1_335' title='bbox 774 3792 852 3828; x_wconf 85' lang='lat' dir='ltr'><strong>veras</strong></span> <span class='ocrx_word' id='word_1_336' title='bbox 864 3773 1003 3829; x_wconf 83' lang='lat' dir='ltr'><strong>Lectiones</strong></span> <span class='ocrx_word' id='word_1_337' title='bbox 1016 3773 1118 3829; x_wconf 85' lang='lat' dir='ltr'><strong>ducen-</strong></span> 
     </span>
     <span class='ocr_line' id='line_1_36' title="bbox 58 3864 1114 3945; baseline -0.004 -20"><span class='ocrx_word' id='word_1_338' title='bbox 58 3869 150 3925; x_wconf 85' lang='lat' dir='ltr'><strong>tibus:</strong></span> <span class='ocrx_word' id='word_1_339' title='bbox 165 3870 234 3925; x_wconf 84' lang='lat' dir='ltr'><strong>adeo</strong></span> <span class='ocrx_word' id='word_1_340' title='bbox 240 3883 276 3924; x_wconf 64' lang='lat' dir='ltr'><strong>vut</strong></span> <span class='ocrx_word' id='word_1_341' title='bbox 284 3875 342 3945; x_wconf 84' lang='lat' dir='ltr'><strong>jam</strong></span> <span class='ocrx_word' id='word_1_342' title='bbox 353 3889 410 3925; x_wconf 89' lang='lat' dir='ltr'><strong>non</strong></span> <span class='ocrx_word' id='word_1_343' title='bbox 423 3879 525 3923; x_wconf 88' lang='lat' dir='ltr'><strong>restent</strong></span> <span class='ocrx_word' id='word_1_344' title='bbox 536 3866 717 3943; x_wconf 76' lang='lat' dir='ltr'><strong>quadraginta</strong></span> <span class='ocrx_word' id='word_1_345' title='bbox 730 3864 788 3920; x_wconf 87' lang='lat' dir='ltr'><strong>loca</strong></span> <span class='ocrx_word' id='word_1_346' title='bbox 801 3865 835 3919; x_wconf 86' lang='lat' dir='ltr'><strong>de</strong></span> <span class='ocrx_word' id='word_1_347' title='bbox 848 3865 949 3941; x_wconf 91' lang='lat' dir='ltr'><strong>quibus</strong></span> <span class='ocrx_word' id='word_1_348' title='bbox 962 3865 1114 3944; x_wconf 87' lang='lat' dir='ltr'><strong>desperem.</strong></span> 
     </span>
     <span class='ocr_line' id='line_1_37' title="bbox 58 3959 1116 4036; baseline 0 -18"><span class='ocrx_word' id='word_1_349' title='bbox 58 3963 220 4020; x_wconf 80' lang='lat' dir='ltr'><strong>iuveniliter</strong></span> <span class='ocrx_word' id='word_1_350' title='bbox 234 3966 319 4020; x_wconf 88' lang='lat' dir='ltr'><strong>nimis</strong></span> <span class='ocrx_word' id='word_1_351' title='bbox 334 3963 439 4020; x_wconf 91' lang='lat' dir='ltr'><strong>dictum</strong></span> <span class='ocrx_word' id='word_1_352' title='bbox 455 3964 508 4019; x_wconf 92' lang='lat' dir='ltr'><strong>hoc</strong></span> <span class='ocrx_word' id='word_1_353' title='bbox 525 3962 575 4017; x_wconf 90' lang='lat' dir='ltr'><strong>tibi</strong></span> <span class='ocrx_word' id='word_1_354' title='bbox 592 3961 664 4017; x_wconf 83' lang='lat' dir='ltr'><strong>forte</strong></span> <span class='ocrx_word' id='word_1_355' title='bbox 681 3959 835 4016; x_wconf 82' lang='lat' dir='ltr'><strong>videbitur:</strong></span> <span class='ocrx_word' id='word_1_356' title='bbox 851 3962 991 4036; x_wconf 84' lang='lat' dir='ltr'><strong>spondeo,</strong></span> <span class='ocrx_word' id='word_1_357' title='bbox 1010 3963 1116 4019; x_wconf 89' lang='lat' dir='ltr'><strong>dietum</strong></span> 
     </span>
    </p>
   </div>
   <div class='ocr_carea' id='block_1_6' title="bbox 0 0 1336 4816">
    <p class='ocr_par' dir='ltr' id='par_1_6' title="bbox 0 0 1336 4816">
     <span class='ocr_line' id='line_1_38' title="bbox 0 0 1336 4816; baseline 0 0"><span class='ocrx_word' id='word_1_358' title='bbox 0 0 1336 4816; x_wconf 95' lang='lat' dir='ltr'><strong> </strong></span> 
     </span>
    </p>
   </div>
  </div>
 </body>
</html>
