<?xml version="1.0" encoding="UTF-8"?>
<!DOCTYPE html PUBLIC "-//W3C//DTD XHTML 1.0 Transitional//EN"
    "http://www.w3.org/TR/xhtml1/DTD/xhtml1-transitional.dtd">
<html xmlns="http://www.w3.org/1999/xhtml" xml:lang="en" lang="en">
 <head>
  <title>
</title>
<meta http-equiv="Content-Type" content="text/html;charset=utf-8" />
  <meta name='ocr-system' content='tesseract 3.04.00' />
  <meta name='ocr-capabilities' content='ocr_page ocr_carea ocr_par ocr_line ocrx_word'/>
</head>
<body>
  <div class='ocr_page' id='page_1' title='image "bibliothecaclas58lemagoog_0033.png"; bbox 0 0 2664 4816; ppageno 0'>
   <div class='ocr_carea' id='block_1_1' title="bbox 207 367 879 462">
    <p class='ocr_par' dir='ltr' id='par_1_1' title="bbox 207 367 879 462">
     <span class='ocr_line' id='line_1_1' title="bbox 207 367 879 462; baseline -0.012 -24"><span class='ocrx_word' id='word_1_1' title='bbox 207 367 285 462; x_wconf 73' lang='lat' dir='ltr'>xxvj</span> <span class='ocrx_word' id='word_1_2' title='bbox 587 369 879 433; x_wconf 72' lang='lat' dir='ltr'>triennium</span> 
     </span>
    </p>
   </div>
   <div class='ocr_carea' id='block_1_2' title="bbox 132 491 1298 1790">
    <p class='ocr_par' dir='ltr' id='par_1_2' title="bbox 132 491 1298 1790">
     <span class='ocr_line' id='line_1_2' title="bbox 207 491 1260 575; baseline -0.001 -19"><span class='ocrx_word' id='word_1_3' title='bbox 207 497 377 575; x_wconf 78' lang='lat' dir='ltr'>clriepiscopi</span> <span class='ocrx_word' id='word_1_4' title='bbox 397 491 628 568; x_wconf 61' lang='lat' dir='ltr'>salsburgensis,</span> <span class='ocrx_word' id='word_1_5' title='bbox 648 492 870 550; x_wconf 78' lang='lat' dir='ltr'>membranaceo.</span> <span class='ocrx_word' id='word_1_6' title='bbox 889 497 948 551; x_wconf 84' lang='lat' dir='ltr'>Nic.</span> <span class='ocrx_word' id='word_1_7' title='bbox 967 497 1096 552; x_wconf 68' lang='lat' dir='ltr'>Huncine</span> <span class='ocrx_word' id='word_1_8' title='bbox 1117 516 1149 552; x_wconf 85' lang='lat' dir='ltr'>ex</span> <span class='ocrx_word' id='word_1_9' title='bbox 1167 502 1260 556; x_wconf 76' lang='lat' dir='ltr'><strong>M88.¹</strong></span> 
     </span>
     <span class='ocr_line' id='line_1_3' title="bbox 206 584 1262 666; baseline 0 -17"><span class='ocrx_word' id='word_1_10' title='bbox 206 594 279 666; x_wconf 89' lang='lat' dir='ltr'>(non</span> <span class='ocrx_word' id='word_1_11' title='bbox 290 590 360 646; x_wconf 83' lang='lat' dir='ltr'>dicit</span> <span class='ocrx_word' id='word_1_12' title='bbox 368 587 484 666; x_wconf 80' lang='lat' dir='ltr'>quibus)</span> <span class='ocrx_word' id='word_1_13' title='bbox 495 584 631 643; x_wconf 89' lang='lat' dir='ltr'>nonnulla</span> <span class='ocrx_word' id='word_1_14' title='bbox 642 584 702 642; x_wconf 83' lang='lat' dir='ltr'>loca</span> <span class='ocrx_word' id='word_1_15' title='bbox 713 585 851 644; x_wconf 82' lang='lat' dir='ltr'>emendet.</span> <span class='ocrx_word' id='word_1_16' title='bbox 863 591 906 644; x_wconf 81' lang='lat' dir='ltr'>Fr.</span> <span class='ocrx_word' id='word_1_17' title='bbox 919 587 1078 666; x_wconf 79' lang='lat' dir='ltr'>Tiliobrogn</span> <span class='ocrx_word' id='word_1_18' title='bbox 1088 592 1262 649; x_wconf 82' lang='lat' dir='ltr'>mentionem</span> 
     </span>
     <span class='ocr_line' id='line_1_4' title="bbox 206 677 1262 750; baseline 0.002 -9"><span class='ocrx_word' id='word_1_19' title='bbox 206 686 273 743; x_wconf 83' lang='lat' dir='ltr'>facit</span> <span class='ocrx_word' id='word_1_20' title='bbox 286 682 395 741; x_wconf 82' lang='lat' dir='ltr'>Codicis</span> <span class='ocrx_word' id='word_1_21' title='bbox 410 682 557 750; x_wconf 81' lang='lat' dir='ltr'>Puteanei,</span> <span class='ocrx_word' id='word_1_22' title='bbox 572 677 686 734; x_wconf 82' lang='lat' dir='ltr'>ulterius</span> <span class='ocrx_word' id='word_1_23' title='bbox 699 681 758 735; x_wconf 86' lang='lat' dir='ltr'>Nic.</span> <span class='ocrx_word' id='word_1_24' title='bbox 774 680 871 749; x_wconf 82' lang='lat' dir='ltr'>Fabri,</span> <span class='ocrx_word' id='word_1_25' title='bbox 887 682 971 737; x_wconf 87' lang='lat' dir='ltr'>unius</span> <span class='ocrx_word' id='word_1_26' title='bbox 984 687 1011 736; x_wconf 82' lang='grc' dir='ltr'>Ρ.</span> <span class='ocrx_word' id='word_1_27' title='bbox 1027 685 1156 739; x_wconf 81' lang='lat' dir='ltr'>Peterii¹.</span> <span class='ocrx_word' id='word_1_28' title='bbox 1170 684 1262 743; x_wconf 76' lang='lat' dir='ltr'>Facile</span> 
     </span>
     <span class='ocr_line' id='line_1_5' title="bbox 132 758 1261 853; baseline -0.001 -17"><span class='ocrx_word' id='word_1_29' title='bbox 132 758 140 773; x_wconf 46' lang='grc' dir='ltr'><em>Ι</em></span> <span class='ocrx_word' id='word_1_30' title='bbox 206 799 272 841; x_wconf 83' lang='lat' dir='ltr'>veru</span> <span class='ocrx_word' id='word_1_31' title='bbox 283 777 343 834; x_wconf 89' lang='lat' dir='ltr'>lieri</span> <span class='ocrx_word' id='word_1_32' title='bbox 354 787 459 853; x_wconf 85' lang='lat' dir='ltr'>potest,</span> <span class='ocrx_word' id='word_1_33' title='bbox 473 786 506 830; x_wconf 94' lang='lat' dir='ltr'>ut</span> <span class='ocrx_word' id='word_1_34' title='bbox 516 773 622 849; x_wconf 83' lang='lat' dir='ltr'>aliquot</span> <span class='ocrx_word' id='word_1_35' title='bbox 634 791 668 829; x_wconf 84' lang='lat' dir='ltr'>ex</span> <span class='ocrx_word' id='word_1_36' title='bbox 679 773 723 828; x_wconf 88' lang='lat' dir='ltr'>his</span> <span class='ocrx_word' id='word_1_37' title='bbox 734 776 782 849; x_wconf 93' lang='lat' dir='ltr'>qui</span> <span class='ocrx_word' id='word_1_38' title='bbox 794 774 912 831; x_wconf 79' lang='lat' dir='ltr'>dirersis</span> <span class='ocrx_word' id='word_1_39' title='bbox 927 776 1088 833; x_wconf 80' lang='lat' dir='ltr'>nominibus</span> <span class='ocrx_word' id='word_1_40' title='bbox 1101 780 1198 835; x_wconf 75' lang='lat' dir='ltr'>erilis</span> <span class='ocrx_word' id='word_1_41' title='bbox 1208 778 1261 835; x_wconf 92' lang='lat' dir='ltr'>do·</span> 
     </span>
     <span class='ocr_line' id='line_1_6' title="bbox 205 867 1262 950; baseline 0.001 -23"><span class='ocrx_word' id='word_1_42' title='bbox 205 875 256 930; x_wconf 86' lang='lat' dir='ltr'>ctis</span> <span class='ocrx_word' id='word_1_43' title='bbox 267 867 449 948; x_wconf 77' lang='lat' dir='ltr'>appellantur,</span> <span class='ocrx_word' id='word_1_44' title='bbox 460 868 517 922; x_wconf 88' lang='lat' dir='ltr'>sint</span> <span class='ocrx_word' id='word_1_45' title='bbox 528 885 600 922; x_wconf 88' lang='lat' dir='ltr'>nnus</span> <span class='ocrx_word' id='word_1_46' title='bbox 612 877 720 921; x_wconf 85' lang='lat' dir='ltr'>tantum</span> <span class='ocrx_word' id='word_1_47' title='bbox 730 867 861 944; x_wconf 78' lang='lat' dir='ltr'>idemque</span> <span class='ocrx_word' id='word_1_48' title='bbox 873 868 980 941; x_wconf 78' lang='lat' dir='ltr'>Codex,</span> <span class='ocrx_word' id='word_1_49' title='bbox 992 869 1181 928; x_wconf 78' lang='lat' dir='ltr'>titulumcum</span> <span class='ocrx_word' id='word_1_50' title='bbox 1192 892 1262 950; x_wconf 84' lang='lat' dir='ltr'>pos·</span> 
     </span>
     <span class='ocr_line' id='line_1_7' title="bbox 206 959 1262 1041; baseline 0.005 -23"><span class='ocrx_word' id='word_1_51' title='bbox 206 982 311 1023; x_wconf 61' lang='lat' dir='ltr'>seuere</span> <span class='ocrx_word' id='word_1_52' title='bbox 321 974 440 1018; x_wconf 72' lang='lat' dir='ltr'>munus.</span> <span class='ocrx_word' id='word_1_53' title='bbox 450 964 545 1015; x_wconf 79' lang='lat' dir='ltr'>Exstat</span> <span class='ocrx_word' id='word_1_54' title='bbox 556 971 647 1014; x_wconf 89' lang='lat' dir='ltr'>tamen</span> <span class='ocrx_word' id='word_1_55' title='bbox 657 961 688 1015; x_wconf 94' lang='lat' dir='ltr'>in</span> <span class='ocrx_word' id='word_1_56' title='bbox 699 959 869 1016; x_wconf 76' lang='lat' dir='ltr'>Bibliotheca</span> <span class='ocrx_word' id='word_1_57' title='bbox 877 962 1063 1020; x_wconf 78' lang='lat' dir='ltr'>christianiss.</span> <span class='ocrx_word' id='word_1_58' title='bbox 1073 968 1155 1041; x_wconf 74' lang='lat' dir='ltr'>Regis</span> <span class='ocrx_word' id='word_1_59' title='bbox 1164 964 1262 1023; x_wconf 68' lang='lat' dir='ltr'>Gallie</span> 
     </span>
     <span class='ocr_line' id='line_1_8' title="bbox 204 1053 1261 1138; baseline 0.004 -25"><span class='ocrx_word' id='word_1_60' title='bbox 204 1059 297 1116; x_wconf 59' lang='lat' dir='ltr'>(huden</span> <span class='ocrx_word' id='word_1_61' title='bbox 311 1057 377 1112; x_wconf 78' lang='lat' dir='ltr'>satie</span> <span class='ocrx_word' id='word_1_62' title='bbox 387 1055 519 1130; x_wconf 81' lang='lat' dir='ltr'>antiquus</span> <span class='ocrx_word' id='word_1_63' title='bbox 531 1053 632 1108; x_wconf 86' lang='lat' dir='ltr'>lunum</span> <span class='ocrx_word' id='word_1_64' title='bbox 647 1054 808 1130; x_wconf 73' lang='lat' dir='ltr'>sylvarum,</span> <span class='ocrx_word' id='word_1_65' title='bbox 824 1069 910 1132; x_wconf 91' lang='lat' dir='ltr'>prout</span> <span class='ocrx_word' id='word_1_66' title='bbox 924 1076 969 1113; x_wconf 87' lang='lat' dir='ltr'>me</span> <span class='ocrx_word' id='word_1_67' title='bbox 985 1062 1096 1115; x_wconf 87' lang='lat' dir='ltr'>monuit</span> <span class='ocrx_word' id='word_1_68' title='bbox 1106 1079 1122 1115; x_wconf 81' lang='lat' dir='ltr'>e</span> <span class='ocrx_word' id='word_1_69' title='bbox 1133 1063 1261 1138; x_wconf 74' lang='lat' dir='ltr'>peregri·</span> 
     </span>
     <span class='ocr_line' id='line_1_9' title="bbox 203 1146 1260 1222; baseline 0 -10"><span class='ocrx_word' id='word_1_70' title='bbox 203 1153 365 1211; x_wconf 84' lang='lat' dir='ltr'>nationibus</span> <span class='ocrx_word' id='word_1_71' title='bbox 373 1146 460 1203; x_wconf 82' lang='lat' dir='ltr'>redux</span> <span class='ocrx_word' id='word_1_72' title='bbox 469 1150 514 1203; x_wconf 90' lang='lat' dir='ltr'>vir</span> <span class='ocrx_word' id='word_1_73' title='bbox 523 1147 727 1205; x_wconf 83' lang='lat' dir='ltr'>eruditissimus</span> <span class='ocrx_word' id='word_1_74' title='bbox 734 1149 856 1205; x_wconf 86' lang='lat' dir='ltr'>Thomas</span> <span class='ocrx_word' id='word_1_75' title='bbox 866 1149 1015 1222; x_wconf 84' lang='lat' dir='ltr'>Bendcius,</span> <span class='ocrx_word' id='word_1_76' title='bbox 1024 1157 1053 1207; x_wconf 84' lang='lat' dir='ltr'>L.</span> <span class='ocrx_word' id='word_1_77' title='bbox 1061 1158 1090 1209; x_wconf 84' lang='lat' dir='ltr'>L.</span> <span class='ocrx_word' id='word_1_78' title='bbox 1099 1159 1131 1211; x_wconf 82' lang='lat'>1).</span> <span class='ocrx_word' id='word_1_79' title='bbox 1139 1166 1198 1211; x_wconf 87' lang='lat' dir='ltr'>tam</span> <span class='ocrx_word' id='word_1_80' title='bbox 1207 1172 1260 1222; x_wconf 75' lang='lat' dir='ltr'>suo</span> 
     </span>
     <span class='ocr_line' id='line_1_10' title="bbox 203 1242 1261 1327; baseline 0 -22"><span class='ocrx_word' id='word_1_81' title='bbox 203 1269 288 1327; x_wconf 86' lang='lat' dir='ltr'>quam</span> <span class='ocrx_word' id='word_1_82' title='bbox 301 1251 392 1304; x_wconf 86' lang='lat' dir='ltr'>Petrni</span> <span class='ocrx_word' id='word_1_83' title='bbox 404 1246 517 1302; x_wconf 86' lang='lat' dir='ltr'>nominc</span> <span class='ocrx_word' id='word_1_84' title='bbox 528 1242 600 1299; x_wconf 87' lang='lat' dir='ltr'>bene</span> <span class='ocrx_word' id='word_1_85' title='bbox 608 1248 665 1320; x_wconf 83' lang='lat' dir='ltr'>jam</span> <span class='ocrx_word' id='word_1_86' title='bbox 678 1255 774 1313; x_wconf 87' lang='lat' dir='ltr'>notus,</span> <span class='ocrx_word' id='word_1_87' title='bbox 787 1255 813 1300; x_wconf 92' lang='lat' dir='ltr'>et</span> <span class='ocrx_word' id='word_1_88' title='bbox 825 1243 891 1300; x_wconf 85' lang='lat' dir='ltr'>olirn</span> <span class='ocrx_word' id='word_1_89' title='bbox 904 1246 1068 1305; x_wconf 86' lang='lat' dir='ltr'>noscendus.</span> <span class='ocrx_word' id='word_1_90' title='bbox 1079 1253 1167 1325; x_wconf 79' lang='lat' dir='ltr'>liujus</span> <span class='ocrx_word' id='word_1_91' title='bbox 1179 1247 1261 1306; x_wconf 84' lang='lat' dir='ltr'>colla·</span> 
     </span>
     <span class='ocr_line' id='line_1_11' title="bbox 202 1339 1261 1415; baseline 0 -16"><span class='ocrx_word' id='word_1_92' title='bbox 202 1346 309 1399; x_wconf 88' lang='lat' dir='ltr'>tionem</span> <span class='ocrx_word' id='word_1_93' title='bbox 320 1360 353 1397; x_wconf 86' lang='lat' dir='ltr'>ex</span> <span class='ocrx_word' id='word_1_94' title='bbox 364 1344 468 1415; x_wconf 84' lang='lat' dir='ltr'>majore</span> <span class='ocrx_word' id='word_1_95' title='bbox 483 1349 561 1414; x_wconf 87' lang='lat' dir='ltr'>parte</span> <span class='ocrx_word' id='word_1_96' title='bbox 577 1340 637 1415; x_wconf 83' lang='lat' dir='ltr'>ipse</span> <span class='ocrx_word' id='word_1_97' title='bbox 647 1341 762 1400; x_wconf 70' lang='lat' dir='ltr'>Lutetiae</span> <span class='ocrx_word' id='word_1_98' title='bbox 775 1357 951 1396; x_wconf 84' lang='lat' dir='ltr'>commorans</span> <span class='ocrx_word' id='word_1_99' title='bbox 965 1339 1132 1408; x_wconf 84' lang='lat' dir='ltr'>absolverat;</span> <span class='ocrx_word' id='word_1_100' title='bbox 1150 1342 1198 1399; x_wconf 85' lang='lat' dir='ltr'>sed</span> <span class='ocrx_word' id='word_1_101' title='bbox 1216 1345 1261 1398; x_wconf 89' lang='lat' dir='ltr'>in·</span> 
     </span>
     <span class='ocr_line' id='line_1_12' title="bbox 201 1429 1298 1513; baseline 0 -21"><span class='ocrx_word' id='word_1_102' title='bbox 201 1438 325 1495; x_wconf 84' lang='lat' dir='ltr'>fortunio</span> <span class='ocrx_word' id='word_1_103' title='bbox 335 1453 398 1490; x_wconf 91' lang='lat' dir='ltr'>meo</span> <span class='ocrx_word' id='word_1_104' title='bbox 407 1432 523 1489; x_wconf 73' lang='lat' dir='ltr'>schedas</span> <span class='ocrx_word' id='word_1_105' title='bbox 534 1436 626 1487; x_wconf 79' lang='lat' dir='ltr'>Romae</span> <span class='ocrx_word' id='word_1_106' title='bbox 635 1429 797 1507; x_wconf 81' lang='lat' dir='ltr'>reliqueret:</span> <span class='ocrx_word' id='word_1_107' title='bbox 808 1445 835 1489; x_wconf 90' lang='lat' dir='ltr'>ct</span> <span class='ocrx_word' id='word_1_108' title='bbox 846 1432 955 1509; x_wconf 78' lang='lat' dir='ltr'>longius</span> <span class='ocrx_word' id='word_1_109' title='bbox 965 1447 1138 1509; x_wconf 73' lang='lat' dir='ltr'><strong>processerat</strong></span> <span class='ocrx_word' id='word_1_110' title='bbox 1146 1434 1258 1513; x_wconf 78' lang='lat' dir='ltr'>prelum</span> <span class='ocrx_word' id='word_1_111' title='bbox 1295 1472 1298 1476; x_wconf 95' lang='lat'>-</span> 
     </span>
     <span class='ocr_line' id='line_1_13' title="bbox 202 1525 1258 1608; baseline 0.001 -23"><span class='ocrx_word' id='word_1_112' title='bbox 202 1549 288 1608; x_wconf 77' lang='lat' dir='ltr'>qnam</span> <span class='ocrx_word' id='word_1_113' title='bbox 301 1542 332 1584; x_wconf 89' lang='lat' dir='ltr'>ut</span> <span class='ocrx_word' id='word_1_114' title='bbox 347 1525 492 1584; x_wconf 86' lang='lat' dir='ltr'>commode</span> <span class='ocrx_word' id='word_1_115' title='bbox 508 1537 536 1580; x_wconf 91' lang='lat' dir='ltr'>et</span> <span class='ocrx_word' id='word_1_116' title='bbox 553 1537 659 1579; x_wconf 86' lang='lat' dir='ltr'>mature</span> <span class='ocrx_word' id='word_1_117' title='bbox 671 1527 793 1590; x_wconf 62' lang='grc' dir='ltr'>ἐπιβολὴ</span> <span class='ocrx_word' id='word_1_118' title='bbox 807 1529 916 1582; x_wconf 84' lang='lat' dir='ltr'>Parisiis</span> <span class='ocrx_word' id='word_1_119' title='bbox 933 1546 1043 1604; x_wconf 85' lang='lat' dir='ltr'>possem</span> <span class='ocrx_word' id='word_1_120' title='bbox 1059 1548 1212 1586; x_wconf 76' lang='lat' dir='ltr'>accersere:</span> <span class='ocrx_word' id='word_1_121' title='bbox 1226 1533 1258 1586; x_wconf 92' lang='lat' dir='ltr'>in</span> 
     </span>
     <span class='ocr_line' id='line_1_14' title="bbox 201 1619 1258 1700; baseline -0.001 -21"><span class='ocrx_word' id='word_1_122' title='bbox 201 1643 259 1700; x_wconf 88' lang='lat' dir='ltr'>quo</span> <span class='ocrx_word' id='word_1_123' title='bbox 270 1634 361 1679; x_wconf 86' lang='lat' dir='ltr'>tamen</span> <span class='ocrx_word' id='word_1_124' title='bbox 374 1637 488 1697; x_wconf 87' lang='lat' dir='ltr'>operam</span> <span class='ocrx_word' id='word_1_125' title='bbox 502 1636 579 1673; x_wconf 83' lang='lat' dir='ltr'>suam</span> <span class='ocrx_word' id='word_1_126' title='bbox 591 1619 679 1672; x_wconf 86' lang='lat' dir='ltr'>amice</span> <span class='ocrx_word' id='word_1_127' title='bbox 694 1629 825 1693; x_wconf 74' lang='lat' dir='ltr'>praestare</span> <span class='ocrx_word' id='word_1_128' title='bbox 836 1632 950 1695; x_wconf 84' lang='lat' dir='ltr'>paratus</span> <span class='ocrx_word' id='word_1_129' title='bbox 960 1633 1019 1677; x_wconf 88' lang='lat' dir='ltr'>erat</span> <span class='ocrx_word' id='word_1_130' title='bbox 1033 1623 1078 1676; x_wconf 87' lang='lat' dir='ltr'>vir</span> <span class='ocrx_word' id='word_1_131' title='bbox 1087 1620 1258 1678; x_wconf 85' lang='lat' dir='ltr'>benevolen-</span> 
     </span>
     <span class='ocr_line' id='line_1_15' title="bbox 200 1710 1260 1790; baseline 0.001 -18"><span class='ocrx_word' id='word_1_132' title='bbox 200 1719 334 1773; x_wconf 87' lang='lat' dir='ltr'>tissimus.</span> <span class='ocrx_word' id='word_1_133' title='bbox 351 1717 460 1772; x_wconf 83' lang='lat' dir='ltr'>sivero</span> <span class='ocrx_word' id='word_1_134' title='bbox 476 1712 559 1786; x_wconf 80' lang='lat' dir='ltr'>liujus</span> <span class='ocrx_word' id='word_1_135' title='bbox 571 1711 680 1767; x_wconf 89' lang='lat' dir='ltr'>Codicis</span> <span class='ocrx_word' id='word_1_136' title='bbox 697 1710 845 1788; x_wconf 89' lang='lat' dir='ltr'>aliquando</span> <span class='ocrx_word' id='word_1_137' title='bbox 861 1730 976 1790; x_wconf 85' lang='lat' dir='ltr'>compos</span> <span class='ocrx_word' id='word_1_138' title='bbox 992 1712 1087 1784; x_wconf 83' lang='lat' dir='ltr'>fuero,</span> <span class='ocrx_word' id='word_1_139' title='bbox 1103 1727 1132 1771; x_wconf 89' lang='lat' dir='ltr'>et</span> <span class='ocrx_word' id='word_1_140' title='bbox 1147 1719 1169 1772; x_wconf 84' lang='lat' dir='ltr'>si</span> <span class='ocrx_word' id='word_1_141' title='bbox 1185 1720 1260 1773; x_wconf 84' lang='lat' dir='ltr'>tanti</span> 
     </span>
    </p>
   </div>
   <div class='ocr_carea' id='block_1_3' title="bbox 103 1804 1136 1884">
    <p class='ocr_par' dir='ltr' id='par_1_3' title="bbox 103 1804 1136 1884">
     <span class='ocr_line' id='line_1_16' title="bbox 103 1804 1136 1884; baseline -0.002 -19"><span class='ocrx_word' id='word_1_142' title='bbox 103 1867 106 1876; x_wconf 70' lang='grc'><em>,</em></span> <span class='ocrx_word' id='word_1_143' title='bbox 200 1809 351 1879; x_wconf 88' lang='lat' dir='ltr'>videbitur,</span> <span class='ocrx_word' id='word_1_144' title='bbox 362 1812 448 1862; x_wconf 78' lang='lat' dir='ltr'>Curae</span> <span class='ocrx_word' id='word_1_145' title='bbox 460 1804 599 1861; x_wconf 84' lang='lat' dir='ltr'>secundas</span> <span class='ocrx_word' id='word_1_146' title='bbox 611 1804 678 1858; x_wconf 84' lang='lat' dir='ltr'>huic</span> <span class='ocrx_word' id='word_1_147' title='bbox 689 1807 769 1880; x_wconf 88' lang='lat' dir='ltr'>operi</span> <span class='ocrx_word' id='word_1_148' title='bbox 780 1824 840 1861; x_wconf 88' lang='lat' dir='ltr'>non</span> <span class='ocrx_word' id='word_1_149' title='bbox 849 1805 955 1882; x_wconf 74' lang='lat' dir='ltr'>pigebit</span> <span class='ocrx_word' id='word_1_150' title='bbox 965 1807 1136 1884; x_wconf 83' lang='lat' dir='ltr'>impendere.</span> 
     </span>
    </p>
   </div>
   <div class='ocr_carea' id='block_1_4' title="bbox 195 1989 1259 3654">
    <p class='ocr_par' dir='ltr' id='par_1_4' title="bbox 195 1989 1259 3654">
     <span class='ocr_line' id='line_1_17' title="bbox 238 1989 1258 2066; baseline 0.002 -16"><span class='ocrx_word' id='word_1_151' title='bbox 238 1999 277 2050; x_wconf 84' lang='lat' dir='ltr'>Ex</span> <span class='ocrx_word' id='word_1_152' title='bbox 290 1993 334 2048; x_wconf 85' lang='lat' dir='ltr'>his</span> <span class='ocrx_word' id='word_1_153' title='bbox 350 2011 417 2049; x_wconf 90' lang='lat' dir='ltr'>vcro</span> <span class='ocrx_word' id='word_1_154' title='bbox 433 1989 536 2059; x_wconf 82' lang='lat' dir='ltr'>Libris,</span> <span class='ocrx_word' id='word_1_155' title='bbox 551 2008 621 2065; x_wconf 83' lang='lat' dir='ltr'>quos</span> <span class='ocrx_word' id='word_1_156' title='bbox 637 2008 721 2066; x_wconf 88' lang='lat' dir='ltr'>supra</span> <span class='ocrx_word' id='word_1_157' title='bbox 736 1995 906 2061; x_wconf 83' lang='lat' dir='ltr'>memoravi,</span> <span class='ocrx_word' id='word_1_158' title='bbox 922 1994 952 2047; x_wconf 92' lang='lat' dir='ltr'>iu</span> <span class='ocrx_word' id='word_1_159' title='bbox 967 1990 1036 2047; x_wconf 87' lang='lat' dir='ltr'>locis</span> <span class='ocrx_word' id='word_1_160' title='bbox 1049 1991 1258 2056; x_wconf 82' lang='lat' dir='ltr'>difficilioribus</span> 
     </span>
     <span class='ocr_line' id='line_1_18' title="bbox 199 2083 1257 2166; baseline 0.001 -22"><span class='ocrx_word' id='word_1_161' title='bbox 199 2102 226 2145; x_wconf 92' lang='lat' dir='ltr'>ct</span> <span class='ocrx_word' id='word_1_162' title='bbox 242 2085 390 2143; x_wconf 84' lang='lat' dir='ltr'>manifesto</span> <span class='ocrx_word' id='word_1_163' title='bbox 406 2084 562 2160; x_wconf 83' lang='lat' dir='ltr'>depravatis</span> <span class='ocrx_word' id='word_1_164' title='bbox 578 2103 642 2139; x_wconf 90' lang='lat' dir='ltr'>raro</span> <span class='ocrx_word' id='word_1_165' title='bbox 660 2083 815 2160; x_wconf 88' lang='lat' dir='ltr'>quidquam</span> <span class='ocrx_word' id='word_1_166' title='bbox 828 2097 876 2141; x_wconf 84' lang='lat' dir='ltr'>aut</span> <span class='ocrx_word' id='word_1_167' title='bbox 892 2084 1012 2141; x_wconf 87' lang='lat' dir='ltr'>multum</span> <span class='ocrx_word' id='word_1_168' title='bbox 1028 2085 1136 2153; x_wconf 74' lang='lat' dir='ltr'>auxilii3</span> <span class='ocrx_word' id='word_1_169' title='bbox 1155 2090 1257 2166; x_wconf 70' lang='lat' dir='ltr'>sepius</span> 
     </span>
     <span class='ocr_line' id='line_1_19' title="bbox 198 2176 1257 2255; baseline 0.002 -18"><span class='ocrx_word' id='word_1_170' title='bbox 198 2179 316 2237; x_wconf 87' lang='lat' dir='ltr'>nullum.</span> <span class='ocrx_word' id='word_1_171' title='bbox 326 2183 365 2234; x_wconf 85' lang='lat' dir='ltr'>Ex</span> <span class='ocrx_word' id='word_1_172' title='bbox 374 2196 429 2255; x_wconf 85' lang='lat' dir='ltr'>qua</span> <span class='ocrx_word' id='word_1_173' title='bbox 439 2176 644 2255; x_wconf 83' lang='lat' dir='ltr'>conspiratione</span> <span class='ocrx_word' id='word_1_174' title='bbox 654 2195 768 2252; x_wconf 87' lang='lat' dir='ltr'>possum</span> <span class='ocrx_word' id='word_1_175' title='bbox 777 2176 958 2246; x_wconf 83' lang='lat' dir='ltr'>concludere,</span> <span class='ocrx_word' id='word_1_176' title='bbox 967 2191 1016 2235; x_wconf 89' lang='lat' dir='ltr'>aut</span> <span class='ocrx_word' id='word_1_177' title='bbox 1025 2180 1125 2237; x_wconf 82' lang='lat' dir='ltr'>menda</span> <span class='ocrx_word' id='word_1_178' title='bbox 1134 2183 1257 2239; x_wconf 73' lang='lat' dir='ltr'>Statiano</span> 
     </span>
     <span class='ocr_line' id='line_1_20' title="bbox 198 2268 1259 2352; baseline 0.002 -23"><span class='ocrx_word' id='word_1_179' title='bbox 198 2271 351 2329; x_wconf 82' lang='lat' dir='ltr'>admodum</span> <span class='ocrx_word' id='word_1_180' title='bbox 361 2280 469 2323; x_wconf 81' lang='lat' dir='ltr'>vetusta</span> <span class='ocrx_word' id='word_1_181' title='bbox 478 2286 551 2336; x_wconf 84' lang='lat' dir='ltr'>csse,</span> <span class='ocrx_word' id='word_1_182' title='bbox 564 2280 612 2322; x_wconf 85' lang='lat' dir='ltr'>aut</span> <span class='ocrx_word' id='word_1_183' title='bbox 621 2268 751 2338; x_wconf 84' lang='lat' dir='ltr'>Codices,</span> <span class='ocrx_word' id='word_1_184' title='bbox 763 2269 907 2345; x_wconf 78' lang='lat' dir='ltr'>exquibus</span> <span class='ocrx_word' id='word_1_185' title='bbox 917 2269 1107 2348; x_wconf 85' lang='lat' dir='ltr'>profluxerunt</span> <span class='ocrx_word' id='word_1_186' title='bbox 1117 2285 1259 2352; x_wconf 76' lang='lat' dir='ltr'>quotquot</span> 
     </span>
     <span class='ocr_line' id='line_1_21' title="bbox 198 2360 1256 2438; baseline 0 -13"><span class='ocrx_word' id='word_1_187' title='bbox 198 2379 305 2425; x_wconf 86' lang='lat' dir='ltr'>exstant</span> <span class='ocrx_word' id='word_1_188' title='bbox 315 2365 416 2420; x_wconf 88' lang='lat' dir='ltr'>harum</span> <span class='ocrx_word' id='word_1_189' title='bbox 426 2360 572 2438; x_wconf 82' lang='lat' dir='ltr'>Sylvarum</span> <span class='ocrx_word' id='word_1_190' title='bbox 586 2360 766 2438; x_wconf 81' lang='lat' dir='ltr'>exemplaria,</span> <span class='ocrx_word' id='word_1_191' title='bbox 782 2382 839 2418; x_wconf 91' lang='lat' dir='ltr'>non</span> <span class='ocrx_word' id='word_1_192' title='bbox 854 2363 940 2420; x_wconf 89' lang='lat' dir='ltr'>fuisse</span> <span class='ocrx_word' id='word_1_193' title='bbox 953 2363 1035 2421; x_wconf 89' lang='lat' dir='ltr'>valde</span> <span class='ocrx_word' id='word_1_194' title='bbox 1045 2378 1186 2424; x_wconf 84' lang='lat' dir='ltr'>vetustos:</span> <span class='ocrx_word' id='word_1_195' title='bbox 1201 2369 1256 2425; x_wconf 86' lang='lat' dir='ltr'>hos</span> 
     </span>
     <span class='ocr_line' id='line_1_22' title="bbox 198 2454 1256 2538; baseline 0.001 -22"><span class='ocrx_word' id='word_1_196' title='bbox 198 2479 266 2529; x_wconf 86' lang='lat' dir='ltr'>vero</span> <span class='ocrx_word' id='word_1_197' title='bbox 278 2478 336 2517; x_wconf 91' lang='lat' dir='ltr'>nou</span> <span class='ocrx_word' id='word_1_198' title='bbox 348 2457 418 2513; x_wconf 88' lang='lat' dir='ltr'>adco</span> <span class='ocrx_word' id='word_1_199' title='bbox 430 2467 555 2511; x_wconf 86' lang='lat' dir='ltr'>vetustos</span> <span class='ocrx_word' id='word_1_200' title='bbox 569 2454 655 2511; x_wconf 84' lang='lat' dir='ltr'>fuisse</span> <span class='ocrx_word' id='word_1_201' title='bbox 668 2455 735 2513; x_wconf 71' lang='lat' dir='ltr'>ltine</span> <span class='ocrx_word' id='word_1_202' title='bbox 748 2455 863 2532; x_wconf 81' lang='lat' dir='ltr'>colligo,</span> <span class='ocrx_word' id='word_1_203' title='bbox 880 2458 956 2533; x_wconf 92' lang='lat' dir='ltr'>quod</span> <span class='ocrx_word' id='word_1_204' title='bbox 967 2456 1105 2535; x_wconf 76' lang='lat' dir='ltr'>pleraeque</span> <span class='ocrx_word' id='word_1_205' title='bbox 1119 2459 1256 2538; x_wconf 76' lang='lat' dir='ltr'>depreva-</span> 
     </span>
     <span class='ocr_line' id='line_1_23' title="bbox 197 2550 1256 2631; baseline 0.002 -20"><span class='ocrx_word' id='word_1_206' title='bbox 197 2559 287 2612; x_wconf 85' lang='lat' dir='ltr'>tiones</span> <span class='ocrx_word' id='word_1_207' title='bbox 302 2558 362 2631; x_wconf 79' lang='lat' dir='ltr'>ejus</span> <span class='ocrx_word' id='word_1_208' title='bbox 378 2553 487 2629; x_wconf 74' lang='lat' dir='ltr'>generis</span> <span class='ocrx_word' id='word_1_209' title='bbox 500 2563 579 2619; x_wconf 88' lang='lat' dir='ltr'>sunt,</span> <span class='ocrx_word' id='word_1_210' title='bbox 595 2563 626 2606; x_wconf 91' lang='lat' dir='ltr'>ut</span> <span class='ocrx_word' id='word_1_211' title='bbox 641 2553 686 2605; x_wconf 85' lang='lat' dir='ltr'>vix</span> <span class='ocrx_word' id='word_1_212' title='bbox 701 2550 840 2628; x_wconf 87' lang='lat' dir='ltr'>proficisci</span> <span class='ocrx_word' id='word_1_213' title='bbox 852 2556 993 2628; x_wconf 86' lang='lat' dir='ltr'>potucrint</span> <span class='ocrx_word' id='word_1_214' title='bbox 1007 2557 1060 2609; x_wconf 88' lang='lat' dir='ltr'>nisi</span> <span class='ocrx_word' id='word_1_215' title='bbox 1071 2575 1089 2611; x_wconf 89' lang='lat' dir='ltr'>a</span> <span class='ocrx_word' id='word_1_216' title='bbox 1099 2555 1190 2613; x_wconf 87' lang='lat' dir='ltr'>Libris</span> <span class='ocrx_word' id='word_1_217' title='bbox 1200 2560 1256 2613; x_wconf 84' lang='lat' dir='ltr'>mi-</span> 
     </span>
     <span class='ocr_line' id='line_1_24' title="bbox 197 2643 1255 2724; baseline 0.004 -19"><span class='ocrx_word' id='word_1_218' title='bbox 197 2661 266 2707; x_wconf 88' lang='lat' dir='ltr'>nuto</span> <span class='ocrx_word' id='word_1_219' title='bbox 278 2649 449 2714; x_wconf 79' lang='lat' dir='ltr'>charactere,</span> <span class='ocrx_word' id='word_1_220' title='bbox 461 2664 510 2702; x_wconf 91' lang='lat' dir='ltr'>seu</span> <span class='ocrx_word' id='word_1_221' title='bbox 523 2643 609 2701; x_wconf 86' lang='lat' dir='ltr'>literis</span> <span class='ocrx_word' id='word_1_222' title='bbox 617 2646 833 2720; x_wconf 79' lang='lat' dir='ltr'>Lougoburdicis</span> <span class='ocrx_word' id='word_1_223' title='bbox 845 2649 893 2719; x_wconf 86' lang='lat' dir='ltr'>(ut</span> <span class='ocrx_word' id='word_1_224' title='bbox 903 2646 988 2724; x_wconf 79' lang='lat' dir='ltr'>vulgo</span> <span class='ocrx_word' id='word_1_225' title='bbox 996 2649 1144 2722; x_wconf 84' lang='lat' dir='ltr'>dicuntur)</span> <span class='ocrx_word' id='word_1_226' title='bbox 1154 2670 1255 2709; x_wconf 86' lang='lat' dir='ltr'>conce·</span> 
     </span>
     <span class='ocr_line' id='line_1_25' title="bbox 196 2738 1255 2823; baseline 0.002 -22"><span class='ocrx_word' id='word_1_227' title='bbox 196 2747 269 2823; x_wconf 84' lang='lat' dir='ltr'>ptis:</span> <span class='ocrx_word' id='word_1_228' title='bbox 285 2743 338 2801; x_wconf 90' lang='lat' dir='ltr'>hoc</span> <span class='ocrx_word' id='word_1_229' title='bbox 349 2759 416 2797; x_wconf 86' lang='lat' dir='ltr'>vcro</span> <span class='ocrx_word' id='word_1_230' title='bbox 428 2738 566 2796; x_wconf 87' lang='lat' dir='ltr'>scribendi</span> <span class='ocrx_word' id='word_1_231' title='bbox 578 2759 665 2816; x_wconf 79' lang='lat' dir='ltr'>genus</span> <span class='ocrx_word' id='word_1_232' title='bbox 677 2751 741 2795; x_wconf 88' lang='lat' dir='ltr'>ante</span> <span class='ocrx_word' id='word_1_233' title='bbox 753 2739 885 2799; x_wconf 74' lang='lat' dir='ltr'>seculum</span> <span class='ocrx_word' id='word_1_234' title='bbox 897 2761 913 2796; x_wconf 88' lang='lat' dir='ltr'>a</span> <span class='ocrx_word' id='word_1_235' title='bbox 925 2743 1036 2799; x_wconf 83' lang='lat' dir='ltr'>Christo</span> <span class='ocrx_word' id='word_1_236' title='bbox 1046 2757 1112 2800; x_wconf 89' lang='lat' dir='ltr'>nato</span> <span class='ocrx_word' id='word_1_237' title='bbox 1122 2757 1255 2803; x_wconf 78' lang='lat' dir='ltr'>octavum</span> 
     </span>
     <span class='ocr_line' id='line_1_26' title="bbox 195 2831 1256 2908; baseline 0.001 -13"><span class='ocrx_word' id='word_1_238' title='bbox 195 2835 241 2895; x_wconf 84' lang='lat' dir='ltr'>vel</span> <span class='ocrx_word' id='word_1_239' title='bbox 259 2854 365 2893; x_wconf 88' lang='lat' dir='ltr'>nonum</span> <span class='ocrx_word' id='word_1_240' title='bbox 381 2852 437 2889; x_wconf 90' lang='lat' dir='ltr'>non</span> <span class='ocrx_word' id='word_1_241' title='bbox 453 2831 607 2888; x_wconf 85' lang='lat' dir='ltr'>obtinuisse</span> <span class='ocrx_word' id='word_1_242' title='bbox 623 2843 727 2886; x_wconf 89' lang='lat' dir='ltr'>norunt</span> <span class='ocrx_word' id='word_1_243' title='bbox 740 2832 855 2889; x_wconf 82' lang='lat' dir='ltr'>Eruditi.</span> <span class='ocrx_word' id='word_1_244' title='bbox 868 2838 907 2889; x_wconf 78' lang='lat' dir='ltr'>ux</span> <span class='ocrx_word' id='word_1_245' title='bbox 920 2833 1081 2908; x_wconf 88' lang='lat' dir='ltr'>hujusmodi</span> <span class='ocrx_word' id='word_1_246' title='bbox 1094 2836 1198 2895; x_wconf 83' lang='lat' dir='ltr'>Codice</span> <span class='ocrx_word' id='word_1_247' title='bbox 1207 2839 1256 2897; x_wconf 90' lang='lat' dir='ltr'>vel</span> 
     </span>
     <span class='ocr_line' id='line_1_27' title="bbox 196 2926 1254 3008; baseline 0 -20"><span class='ocrx_word' id='word_1_248' title='bbox 196 2929 345 2988; x_wconf 85' lang='lat' dir='ltr'>Codicibus</span> <span class='ocrx_word' id='word_1_249' title='bbox 357 2928 522 3004; x_wconf 82' lang='lat' dir='ltr'>transcripta</span> <span class='ocrx_word' id='word_1_250' title='bbox 533 2944 593 2983; x_wconf 86' lang='lat' dir='ltr'>esse</span> <span class='ocrx_word' id='word_1_251' title='bbox 604 2938 742 3002; x_wconf 88' lang='lat' dir='ltr'>quotquot</span> <span class='ocrx_word' id='word_1_252' title='bbox 752 2938 859 2982; x_wconf 65' lang='lat' dir='ltr'>entant</span> <span class='ocrx_word' id='word_1_253' title='bbox 871 2926 1017 3003; x_wconf 80' lang='lat' dir='ltr'>sylvarum</span> <span class='ocrx_word' id='word_1_254' title='bbox 1028 2931 1195 3008; x_wconf 83' lang='lat' dir='ltr'>exemplaria</span> <span class='ocrx_word' id='word_1_255' title='bbox 1203 2933 1254 2989; x_wconf 85' lang='lat' dir='ltr'>ad·</span> 
     </span>
     <span class='ocr_line' id='line_1_28' title="bbox 196 3017 1256 3100; baseline 0.002 -21"><span class='ocrx_word' id='word_1_256' title='bbox 196 3022 316 3083; x_wconf 77' lang='lat' dir='ltr'>moduni</span> <span class='ocrx_word' id='word_1_257' title='bbox 324 3017 473 3078; x_wconf 81' lang='lat' dir='ltr'>verisimile</span> <span class='ocrx_word' id='word_1_258' title='bbox 485 3032 540 3088; x_wconf 88' lang='lat' dir='ltr'>cst,</span> <span class='ocrx_word' id='word_1_259' title='bbox 551 3021 615 3094; x_wconf 89' lang='lat' dir='ltr'>quia</span> <span class='ocrx_word' id='word_1_260' title='bbox 628 3017 753 3095; x_wconf 68' lang='lat' dir='ltr'>plurimae</span> <span class='ocrx_word' id='word_1_261' title='bbox 767 3040 848 3077; x_wconf 86' lang='lat' dir='ltr'>voces</span> <span class='ocrx_word' id='word_1_262' title='bbox 860 3022 889 3077; x_wconf 88' lang='lat' dir='ltr'>iu</span> <span class='ocrx_word' id='word_1_263' title='bbox 901 3020 967 3079; x_wconf 80' lang='lat' dir='ltr'>elice</span> <span class='ocrx_word' id='word_1_264' title='bbox 978 3022 1167 3100; x_wconf 80' lang='lat' dir='ltr'>demigrarunt</span> <span class='ocrx_word' id='word_1_265' title='bbox 1178 3027 1256 3081; x_wconf 89' lang='lat' dir='ltr'>simi·</span> 
     </span>
     <span class='ocr_line' id='line_1_29' title="bbox 196 3110 1255 3191; baseline 0.001 -20"><span class='ocrx_word' id='word_1_266' title='bbox 196 3115 314 3173; x_wconf 92' lang='lat' dir='ltr'>litudine</span> <span class='ocrx_word' id='word_1_267' title='bbox 329 3114 466 3171; x_wconf 88' lang='lat' dir='ltr'>ductuum</span> <span class='ocrx_word' id='word_1_268' title='bbox 481 3110 588 3169; x_wconf 83' lang='lat' dir='ltr'>calami.</span> <span class='ocrx_word' id='word_1_269' title='bbox 605 3116 643 3167; x_wconf 90' lang='lat' dir='ltr'>lta</span> <span class='ocrx_word' id='word_1_270' title='bbox 657 3114 721 3167; x_wconf 81' lang='lat' dir='ltr'>bibit</span> <span class='ocrx_word' id='word_1_271' title='bbox 734 3131 785 3188; x_wconf 93' lang='lat' dir='ltr'>pro</span> <span class='ocrx_word' id='word_1_272' title='bbox 800 3113 878 3168; x_wconf 71' lang='lat' dir='ltr'>tulit:</span> <span class='ocrx_word' id='word_1_273' title='bbox 892 3117 1025 3191; x_wconf 88' lang='lat' dir='ltr'>quoniam</span> <span class='ocrx_word' id='word_1_274' title='bbox 1037 3115 1138 3172; x_wconf 76' lang='lat' dir='ltr'>calami</span> <span class='ocrx_word' id='word_1_275' title='bbox 1150 3117 1255 3179; x_wconf 76' lang='lat' dir='ltr'>ductus</span> 
     </span>
     <span class='ocr_line' id='line_1_30' title="bbox 196 3203 1252 3284; baseline 0.001 -18"><span class='ocrx_word' id='word_1_276' title='bbox 196 3211 226 3265; x_wconf 90' lang='lat' dir='ltr'>in</span> <span class='ocrx_word' id='word_1_277' title='bbox 242 3220 359 3284; x_wconf 89' lang='lat' dir='ltr'>utroque</span> <span class='ocrx_word' id='word_1_278' title='bbox 375 3203 510 3261; x_wconf 84' lang='lat' dir='ltr'>vocabulo</span> <span class='ocrx_word' id='word_1_279' title='bbox 524 3205 609 3260; x_wconf 91' lang='lat' dir='ltr'>iidem</span> <span class='ocrx_word' id='word_1_280' title='bbox 622 3223 702 3280; x_wconf 82' lang='lat' dir='ltr'>paene</span> <span class='ocrx_word' id='word_1_281' title='bbox 719 3217 800 3274; x_wconf 82' lang='lat' dir='ltr'>sunt,</span> <span class='ocrx_word' id='word_1_282' title='bbox 818 3209 841 3261; x_wconf 92' lang='lat' dir='ltr'>si</span> <span class='ocrx_word' id='word_1_283' title='bbox 856 3209 910 3263; x_wconf 83' lang='lat' dir='ltr'>isto</span> <span class='ocrx_word' id='word_1_284' title='bbox 925 3207 1082 3267; x_wconf 81' lang='lat' dir='ltr'>charactere</span> <span class='ocrx_word' id='word_1_285' title='bbox 1098 3210 1252 3277; x_wconf 81' lang='lat' dir='ltr'>scribetur;</span> 
     </span>
     <span class='ocr_line' id='line_1_31' title="bbox 196 3296 1254 3381; baseline 0.002 -22"><span class='ocrx_word' id='word_1_286' title='bbox 196 3304 284 3381; x_wconf 70' lang='lat' dir='ltr'>magis</span> <span class='ocrx_word' id='word_1_287' title='bbox 291 3301 407 3369; x_wconf 71' lang='lat' dir='ltr'>fflversi,</span> <span class='ocrx_word' id='word_1_288' title='bbox 418 3301 439 3355; x_wconf 88' lang='lat' dir='ltr'>si</span> <span class='ocrx_word' id='word_1_289' title='bbox 451 3297 537 3354; x_wconf 86' lang='lat' dir='ltr'>literis</span> <span class='ocrx_word' id='word_1_290' title='bbox 546 3296 703 3353; x_wconf 84' lang='lat' dir='ltr'>uncialibus</span> <span class='ocrx_word' id='word_1_291' title='bbox 712 3301 905 3374; x_wconf 83' lang='lat' dir='ltr'>concipiantur</span> <span class='ocrx_word' id='word_1_292' title='bbox 915 3320 997 3357; x_wconf 82' lang='lat' dir='ltr'>voces</span> <span class='ocrx_word' id='word_1_293' title='bbox 1007 3305 1085 3372; x_wconf 73' lang='lat' dir='ltr'>bibit,</span> <span class='ocrx_word' id='word_1_294' title='bbox 1096 3303 1254 3361; x_wconf 56' lang='lat' dir='ltr'>cumidem</span> 
     </span>
     <span class='ocr_line' id='line_1_32' title="bbox 195 3389 1254 3471; baseline -0.004 -18"><span class='ocrx_word' id='word_1_295' title='bbox 195 3394 346 3454; x_wconf 87' lang='lat' dir='ltr'>dicendum</span> <span class='ocrx_word' id='word_1_296' title='bbox 356 3392 392 3449; x_wconf 90' lang='lat' dir='ltr'>dc</span> <span class='ocrx_word' id='word_1_297' title='bbox 403 3395 449 3445; x_wconf 80' lang='lat' dir='ltr'>tibi</span> <span class='ocrx_word' id='word_1_298' title='bbox 458 3410 510 3467; x_wconf 90' lang='lat' dir='ltr'>pro</span> <span class='ocrx_word' id='word_1_299' title='bbox 521 3393 577 3447; x_wconf 81' lang='lat' dir='ltr'>bibe</span> <span class='ocrx_word' id='word_1_300' title='bbox 586 3389 660 3466; x_wconf 82' lang='lat' dir='ltr'>Sylv.</span> <span class='ocrx_word' id='word_1_301' title='bbox 671 3396 704 3460; x_wconf 83' lang='lat' dir='ltr'>V,</span> <span class='ocrx_word' id='word_1_302' title='bbox 718 3411 743 3445; x_wconf 82' lang='lat' dir='ltr'>a.</span> <span class='ocrx_word' id='word_1_303' title='bbox 754 3393 798 3447; x_wconf 87' lang='lat' dir='ltr'>Sic</span> <span class='ocrx_word' id='word_1_304' title='bbox 810 3394 892 3448; x_wconf 83' lang='lat' dir='ltr'>turbes</span> <span class='ocrx_word' id='word_1_305' title='bbox 902 3412 954 3469; x_wconf 92' lang='lat' dir='ltr'>pro</span> <span class='ocrx_word' id='word_1_306' title='bbox 965 3398 1049 3469; x_wconf 72' lang='lat' dir='ltr'>titique</span> <span class='ocrx_word' id='word_1_307' title='bbox 1053 3436 1062 3464; x_wconf 92' lang='lat'>,</span> <span class='ocrx_word' id='word_1_308' title='bbox 1073 3414 1162 3471; x_wconf 90' lang='lat' dir='ltr'>quum</span> <span class='ocrx_word' id='word_1_309' title='bbox 1172 3411 1215 3452; x_wconf 81' lang='lat' dir='ltr'>cur</span> <span class='ocrx_word' id='word_1_310' title='bbox 1223 3410 1254 3453; x_wconf 84' lang='lat' dir='ltr'>et</span> 
     </span>
     <span class='ocr_line' id='line_1_33' title="bbox 195 3484 1253 3564; baseline 0.006 -26"><span class='ocrx_word' id='word_1_311' title='bbox 195 3491 235 3541; x_wconf 80' lang='lat' dir='ltr'>tin</span> <span class='ocrx_word' id='word_1_312' title='bbox 246 3487 323 3545; x_wconf 88' lang='lat' dir='ltr'>idem</span> <span class='ocrx_word' id='word_1_313' title='bbox 333 3496 404 3555; x_wconf 79' lang='lat' dir='ltr'>siut,</span> <span class='ocrx_word' id='word_1_314' title='bbox 417 3486 506 3538; x_wconf 82' lang='lat' dir='ltr'>lvere</span> <span class='ocrx_word' id='word_1_315' title='bbox 518 3493 546 3536; x_wconf 91' lang='lat' dir='ltr'>ct</span> <span class='ocrx_word' id='word_1_316' title='bbox 553 3503 571 3557; x_wconf 70' lang='grc' dir='ltr'><strong><em>ς</em></strong></span> <span class='ocrx_word' id='word_1_317' title='bbox 582 3484 731 3558; x_wconf 73' lang='lat' dir='ltr'>sepissime</span> <span class='ocrx_word' id='word_1_318' title='bbox 744 3496 944 3558; x_wconf 86' lang='lat' dir='ltr'>pervertantur.</span> <span class='ocrx_word' id='word_1_319' title='bbox 957 3489 997 3540; x_wconf 88' lang='lat' dir='ltr'>lta</span> <span class='ocrx_word' id='word_1_320' title='bbox 1007 3498 1079 3542; x_wconf 80' lang='lat' dir='ltr'>terroe</span> <span class='ocrx_word' id='word_1_321' title='bbox 1089 3507 1142 3564; x_wconf 89' lang='lat' dir='ltr'>pro</span> <span class='ocrx_word' id='word_1_322' title='bbox 1154 3508 1253 3554; x_wconf 83' lang='lat' dir='ltr'>ceruoe,</span> 
     </span>
     <span class='ocr_line' id='line_1_34' title="bbox 195 3574 1252 3654; baseline -0.011 -19"><span class='ocrx_word' id='word_1_323' title='bbox 195 3599 282 3654; x_wconf 87' lang='lat' dir='ltr'>quum</span> <span class='ocrx_word' id='word_1_324' title='bbox 294 3591 342 3634; x_wconf 88' lang='lat' dir='ltr'>tet</span> <span class='ocrx_word' id='word_1_325' title='bbox 352 3599 366 3631; x_wconf 93' lang='lat' dir='ltr'>c</span> <span class='ocrx_word' id='word_1_326' title='bbox 376 3574 522 3633; x_wconf 73' lang='lat' dir='ltr'>simillime</span> <span class='ocrx_word' id='word_1_327' title='bbox 534 3578 606 3645; x_wconf 89' lang='lat' dir='ltr'>sint,</span> <span class='ocrx_word' id='word_1_328' title='bbox 617 3586 645 3630; x_wconf 88' lang='lat' dir='ltr'>et</span> <span class='ocrx_word' id='word_1_329' title='bbox 654 3577 709 3631; x_wconf 86' lang='lat' dir='ltr'>nisi</span> <span class='ocrx_word' id='word_1_330' title='bbox 720 3593 802 3631; x_wconf 85' lang='lat' dir='ltr'>sensu</span> <span class='ocrx_word' id='word_1_331' title='bbox 811 3579 857 3631; x_wconf 82' lang='lat' dir='ltr'>vix</span> <span class='ocrx_word' id='word_1_332' title='bbox 866 3576 1075 3654; x_wconf 69' lang='lat' dir='ltr'>dignoscendus</span> <span class='ocrx_word' id='word_1_333' title='bbox 1087 3578 1252 3637; x_wconf 73' lang='lat' dir='ltr'>dissimilis.</span> 
     </span>
    </p>
   </div>
   <div class='ocr_carea' id='block_1_5' title="bbox 193 3756 1249 3940">
    <p class='ocr_par' dir='ltr' id='par_1_5' title="bbox 193 3756 1249 3940">
     <span class='ocr_line' id='line_1_35' title="bbox 226 3756 1249 3861; baseline 0.001 -18"><span class='ocrx_word' id='word_1_334' title='bbox 226 3806 233 3827; x_wconf 84' lang='lat'>⁸</span> <span class='ocrx_word' id='word_1_335' title='bbox 250 3799 283 3843; x_wconf 80' lang='lat' dir='ltr'>lin</span> <span class='ocrx_word' id='word_1_336' title='bbox 292 3795 360 3843; x_wconf 88' lang='lat' dir='ltr'>codd.</span> <span class='ocrx_word' id='word_1_337' title='bbox 370 3756 489 3843; x_wconf 80' lang='lat' dir='ltr'>Vaticanis</span> <span class='ocrx_word' id='word_1_338' title='bbox 499 3807 607 3858; x_wconf 58' lang='lat' dir='ltr'>mutuor.</span> <span class='ocrx_word' id='word_1_339' title='bbox 619 3791 679 3840; x_wconf 87' lang='lat' dir='ltr'>Vide</span> <span class='ocrx_word' id='word_1_340' title='bbox 689 3791 786 3840; x_wconf 80' lang='lat' dir='ltr'>lllench.</span> <span class='ocrx_word' id='word_1_341' title='bbox 800 3795 924 3859; x_wconf 73' lang='lat' dir='ltr'>scripture</span> <span class='ocrx_word' id='word_1_342' title='bbox 933 3796 1063 3858; x_wconf 84' lang='lat' dir='ltr'>Compend.</span> <span class='ocrx_word' id='word_1_343' title='bbox 1074 3809 1098 3843; x_wconf 85' lang='lat' dir='ltr'>et</span> <span class='ocrx_word' id='word_1_344' title='bbox 1105 3794 1192 3861; x_wconf 71' lang='lat' dir='ltr'>Sylloq.</span> <span class='ocrx_word' id='word_1_345' title='bbox 1203 3799 1249 3861; x_wconf 77' lang='lat' dir='ltr'>ep.</span> 
     </span>
     <span class='ocr_line' id='line_1_36' title="bbox 193 3875 482 3940; baseline -0.007 -17"><span class='ocrx_word' id='word_1_346' title='bbox 193 3891 249 3925; x_wconf 81' lang='lat' dir='ltr'>rom.</span> <span class='ocrx_word' id='word_1_347' title='bbox 260 3879 295 3933; x_wconf 79' lang='lat' dir='ltr'>V,</span> <span class='ocrx_word' id='word_1_348' title='bbox 305 3893 346 3940; x_wconf 88' lang='lat' dir='ltr'>pp.</span> <span class='ocrx_word' id='word_1_349' title='bbox 358 3876 416 3933; x_wconf 78' lang='lat'>532,</span> <span class='ocrx_word' id='word_1_350' title='bbox 428 3875 482 3939; x_wconf 79' lang='lat'><strong>537.</strong></span> 
     </span>
    </p>
   </div>
   <div class='ocr_carea' id='block_1_6' title="bbox 224 3970 998 4037">
    <p class='ocr_par' dir='ltr' id='par_1_6' title="bbox 224 3970 998 4037">
     <span class='ocr_line' id='line_1_37' title="bbox 224 3970 998 4037; baseline 0.001 -18"><span class='ocrx_word' id='word_1_351' title='bbox 224 3983 233 4004; x_wconf 87' lang='lat'>²</span> <span class='ocrx_word' id='word_1_352' title='bbox 252 3975 300 4019; x_wconf 69' lang='lat' dir='ltr'>dli</span> <span class='ocrx_word' id='word_1_353' title='bbox 310 3973 378 4020; x_wconf 88' lang='lat' dir='ltr'>codd.</span> <span class='ocrx_word' id='word_1_354' title='bbox 390 3989 439 4020; x_wconf 88' lang='lat' dir='ltr'>noo</span> <span class='ocrx_word' id='word_1_355' title='bbox 448 3972 529 4037; x_wconf 69' lang='lat' dir='ltr'>sylvas</span> <span class='ocrx_word' id='word_1_356' title='bbox 537 3973 672 4029; x_wconf 77' lang='lat' dir='ltr'>continent,</span> <span class='ocrx_word' id='word_1_357' title='bbox 682 3971 725 4018; x_wconf 78' lang='lat' dir='ltr'>ced</span> <span class='ocrx_word' id='word_1_358' title='bbox 732 3970 881 4020; x_wconf 72' lang='lat' dir='ltr'>&#39;llrebeidem</span> <span class='ocrx_word' id='word_1_359' title='bbox 891 3994 902 4015; x_wconf 80' lang='grc' dir='ltr'>ι</span> <span class='ocrx_word' id='word_1_360' title='bbox 921 3974 998 4020; x_wconf 78' lang='lat' dir='ltr'>lieno.</span> 
     </span>
    </p>
   </div>
   <div class='ocr_carea' id='block_1_7' title="bbox 0 0 1336 4816">
    <p class='ocr_par' dir='ltr' id='par_1_7' title="bbox 0 0 1336 4816">
     <span class='ocr_line' id='line_1_38' title="bbox 0 0 1336 4816; baseline 0 3"><span class='ocrx_word' id='word_1_361' title='bbox 0 0 1336 4816; x_wconf 95' lang='lat' dir='ltr'> </span> 
     </span>
    </p>
   </div>
  </div>
 </body>
</html>
