2664 4816
135 355 259 452 xxxviij
514 357 804 422 MARKLANDI

136 506 196 543 etse
207 488 277 540 citra
289 481 495 538 affectationem
506 492 554 535 aut
563 481 723 555 jactantiam
733 504 741 548 3
755 497 873 555 quarum
884 482 1059 552 occasiones,
1073 492 1106 535 ut
1119 482 1190 537 milri

135 579 255 648 videtin,
269 576 305 632 ab
317 576 360 631 his
372 573 471 630 studiis
483 571 644 648 longissime
658 571 860 628 excluduntur:
874 571 946 627 bns
958 575 1033 628 enim
1048 575 1120 642 scio,
1132 592 1189 651 quo

135 676 227 750 pretio
241 672 300 728 haec
315 682 343 725 et
357 671 452 724 omnia
467 667 628 742 hujusmodi
642 667 803 724 estimanda
814 680 898 723 suut:
917 672 978 743 quae
991 680 1059 724 tunc
1074 668 1190 726 demum

135 763 289 824 tolerabilia
297 763 355 818 lieri
365 764 516 839 incipiunt,
528 779 617 836 quum
628 761 664 816 ab
673 764 768 816 auimo
778 759 897 838 simplici
909 772 937 816 et
946 759 1065 818 candido
1074 762 1190 839 prolici-

136 871 267 916 scunurr:
280 858 435 927 uncrinus,
445 853 604 931 reponenda
615 865 681 912 sunt
691 857 765 911 luter
770 853 858 912 Flacci
864 870 952 930 nugas
962 872 1024 931 quoe
1033 880 1046 905 a
1053 859 1126 912 seria
1136 855 1189 912 dn·

136 969 202 1013 fimi
214 958 244 1012 ln
257 952 338 1011 mdia.
350 980 361 1004 υ

173 1135 313 1195 Nonnulla
327 1139 356 1192 in
370 1135 414 1190 his
425 1133 514 1210 sylvis
527 1133 752 1212 depravatissima
763 1145 850 1210 puto,
863 1146 891 1190 st
902 1138 962 1190 sine
972 1133 1034 1191 aliis
1045 1133 1191 1212 Exempla·

134 1230 213 1287 ribus
229 1244 374 1306 nunquam
390 1226 576 1298 restituenda,
588 1240 685 1305 utpote
700 1226 774 1282 forte
789 1226 902 1284 mutilat
914 1228 991 1284 velut
1006 1227 1061 1284 hoc
1075 1226 1190 1305 Epicurl.

137 1323 235 1380 Phileti
246 1341 286 1379 vt.
302 1324 355 1391 642

323 1436 369 1481 Seu
378 1434 485 1480 Lucanus
494 1449 549 1495 ager
554 1466 562 1490 ,
572 1449 614 1479 seu
622 1431 724 1479 Tibridis
732 1433 833 1495 impetus
841 1431 898 1480 altat

322 1515 351 1559 lu
359 1511 467 1559 dextrum
475 1513 579 1558 tersisset
587 1524 668 1573 aquas.

136 1609 203 1668 Arb-
217 1607 297 1667 died.
312 1609 365 1680 69:

322 1722 351 1765 Et
359 1728 448 1766 secrete
457 1715 546 1779 palam,
556 1719 597 1781 qul
605 1715 692 1779 digeris
700 1716 784 1764 ordine
793 1718 870 1764 vitam.

136 1819 172 1876 ad
183 1824 265 1877 Uxor.
279 1821 330 1890 49:

322 1927 350 1971 Et
360 1938 502 1987 quamquam
510 1924 564 1969 trevi
573 1925 680 1971 lecerunt
690 1924 795 1972 Maenada
805 1924 919 1988 planctus.

136 2022 171 2079 ad
183 2021 303 2080 Marcell.
318 2024 368 2077 83:

323 2169 342 2212 R
394 2165 440 2212 nu,
539 2169 543 2178 Ι
651 2106 927 2169 ....proaritaquetoto

343 2180 386 2215 uri
434 2180 553 2213 immiti.

135 2262 164 2305 el
179 2267 246 2304 1022

451 2331 630 2376 ....neeenim
639 2329 849 2395 Tirynthimlm

323 2411 408 2456 Pectus
416 2409 530 2455 amicitiae.

136 2514 205 2582 Quae
221 2512 314 2566 omnia
329 2511 445 2586 (praetcr
458 2510 533 2565 istud
546 2511 656 2586 Epiced.
677 2509 805 2580 Phileti¹,
824 2510 859 2565 de
876 2529 932 2588 quo
948 2530 1045 2566 omnes
1063 2515 1195 2586 tacent),

136 2605 238 2660 summi
249 2605 302 2658 viri
315 2606 472 2658 Gronovius
485 2617 512 2658 et
524 2607 667 2659 Govartius
680 2607 826 2685 sanissima
834 2616 948 2681 putant,
961 2616 988 2659 ct
1000 2604 1138 2682 explicam
1150 2626 1195 2662 co-

135 2710 256 2754 uantur:
274 2717 325 2773 ego
343 2717 400 2753 non
417 2717 533 2774 possum
547 2699 615 2752 milri
630 2701 659 2753 in
678 2711 787 2754 tantum
806 2701 962 2776 imponere,
982 2713 1009 2755 et
1028 2698 1194 2777 simpliciter

135 2791 225 2848 fateor
243 2811 359 2847 menon
377 2789 530 2867 intelligere
545 2793 597 2846 ista
614 2791 688 2857 loca;
708 2791 785 2868 quod
798 2794 905 2848 utinam
924 2791 1014 2847 facere
1028 2812 1128 2849 omues
1143 2797 1195 2872 qui

135 2896 260 2940 veterum
279 2889 432 2940 ductorum
450 2884 590 2939 Fditiones
607 2896 776 2962 procurant;
793 2898 820 2940 et
838 2905 903 2941 sane
918 2885 1007 2941 facere
1025 2886 1148 2956 debent,
1164 2898 1196 2942 ct

117 2975 274 3051 lacerent,
285 2979 339 3033 nisi
351 2975 468 3055 puderet
482 2976 562 3031 lateri
575 2996 604 3033 se
617 2977 723 3053 aliquid
738 2998 794 3034 non
808 2976 977 3053 intelligere:
992 2998 1048 3055 qua
1059 2979 1195 3035 dissimu-

135 3068 237 3125 latione
248 3068 318 3125 nihil
331 3070 429 3127 studiis
441 3081 482 3126 est
494 3070 663 3125 damnosius.
675 3073 745 3126 Hinc
756 3072 831 3126 enim
841 3076 939 3126 lector
949 3090 1007 3126 non
1017 3071 1087 3127 adeo
1098 3071 1197 3127 erudi·

134 3175 179 3218 tus
188 3165 251 3239 (qui
261 3161 354 3240 plures
364 3163 498 3235 numero)
508 3181 596 3239 quum
608 3165 636 3217 in
648 3161 703 3217 talc
713 3161 818 3239 aliquid
828 3164 969 3233 inciderit,
979 3166 1087 3220 incusat
1097 3168 1194 3241 primo

134 3268 278 3333 stuporem
290 3274 390 3327 suum,
405 3275 553 3333 perquem
567 3276 624 3311 nou
641 3255 769 3330 iutelligit
781 3257 857 3333 quod
873 3271 985 3314 caeteros
999 3270 1196 3336 omncs-putat

135 3348 304 3426 iutelligere3
319 3369 406 3426 quum
421 3360 513 3404 tamen
526 3348 598 3405 forte
610 3349 747 3425 ejusmodi
761 3350 797 3405 sit
811 3350 888 3426 quod
904 3349 987 3407 ncmo
1001 3371 1128 3428 unquam
1144 3365 1197 3409 aut

135 3441 282 3513 intellexit,
294 3454 341 3498 aut
352 3440 543 3497 intellecturus
555 3453 604 3497 est.
614 3443 711 3497 Statim
721 3445 846 3519 sequitur
858 3444 1025 3500 incertitudo
1037 3447 1066 3499 in
1076 3444 1196 3511 studita

135 3545 162 3588 et
173 3533 245 3589 hanc
258 3536 360 3612 excipit
370 3532 544 3608 desparatio;
560 3544 588 3586 et
601 3535 769 3604 novissime,
782 3548 946 3591 contemtus.
960 3536 1091 3593 Fideliter
1103 3539 1196 3614 igitur

135 3625 255 3682 iudicavi
268 3628 356 3700 (certe
368 3624 461 3696 volui)
472 3626 566 3680 omnia
577 3623 639 3680 loca
651 3625 685 3680 de
700 3625 801 3701 quibus
815 3628 885 3684 milri
896 3648 952 3685 uon
964 3629 1068 3706 liquct;
1082 3643 1110 3686 ct
1121 3650 1197 3687 non-

136 3717 219 3775 nullis
233 3719 375 3776 intcrdum
389 3717 460 3773 forte
478 3715 608 3794 opitulari
624 3736 752 3794 possem,
768 3722 821 3775 uisi
835 3721 948 3778 taederet
962 3725 1132 3798 conjecturis
1147 3727 1195 3781 in-

169 3948 834 4013 ·sytv.u,6,5o‚utrvtueteeuouenqnanemtmus
