2664 4816
428 376 491 444 AD
514 372 750 445 STELLAM.
1095 404 1116 471 9

58 501 134 563 titio3
146 496 220 571 legs,
231 498 286 552 rive
293 498 321 551 io
330 494 427 554 subitis
437 499 542 574 niquis,
555 514 606 555 etc.
617 500 711 554 Subita
720 513 782 554 sunt
792 514 1008 575 extemporanea,
1019 505 1117 577 quibus

58 591 239 653 opponuntur
249 578 383 651 meditato,
397 591 425 632 et
435 580 573 655 exputdta,
585 592 613 634 et
623 579 766 634 elaborato.
779 581 845 633 Plio.
861 582 1118 654 Epist.1,16:·un·

57 659 115 711 diti
125 675 221 712 ceusu
231 672 355 730 egentem
365 661 462 713 acriter
473 672 501 713 et
511 659 646 727 ardenter,
656 679 707 714 uec
716 664 804 715 minus
813 661 897 732 polite
907 676 934 714 et
942 678 1050 732 ornate,
1062 668 1118 719 sive

57 738 197 807 meditata,
207 739 261 793 sire
272 739 358 791 subito
369 740 526 811 proferret..
539 739 572 792 Et
583 742 620 792 ita
629 743 728 814 passim
740 743 767 794 in
778 740 905 814 Epistolis
916 741 1015 797 Plinius
1025 757 1051 796 et
1063 745 1117 798 alii.
1165 774 1168 781 ·

58 816 123 870 Vid.
135 837 196 890 esp.
208 835 242 872 ro
253 821 328 871 istius
338 816 422 871 libelli
434 816 632 890 elegantissimi.
641 849 678 860 -
687 822 766 875 Seriis
779 819 906 892 operibus
915 838 972 871 non
984 823 1035 874 nisi
1045 821 1117 876 ludi-
1174 809 1178 815 ⁷

58 916 108 952 eru
124 913 309 973 opponuntur.
324 898 420 971 Neque
436 896 482 973 illa
498 901 630 953 correctio
646 899 747 972 dialogi
763 899 796 952 do
812 898 892 952 Cous.
910 914 1028 972 corrupt.
1045 902 1117 977 eloq.

59 997 122 1052 cap.
138 996 187 1045 ao,
201 978 312 1053 probari
330 991 427 1051 potest.
442 978 498 1032 Cur
514 980 585 1032 onim
601 979 693 1032 subitur
706 980 841 1032 orationes
855 979 1053 1051 intelligantur?
1070 984 1117 1050 Et,

58 1056 137 1132 quod
148 1057 194 1111 alii
205 1077 262 1111 non
276 1058 464 1127 observarunt,
477 1062 600 1133 quteritur
614 1058 679 1132 quid
694 1062 741 1126 sit,
755 1058 870 1131 aliquem
880 1069 977 1131 'arguta
986 1064 1118 1115 sententia

58 1136 216 1190 effulsisse?
231 1136 325 1190 utero
340 1137 484 1192 verborum
499 1137 625 1192 videntur
641 1156 657 1190 a
675 1137 790 1190 librariis
809 1155 864 1189 nou
883 1149 956 1190 recto
974 1136 1116 1210 dispositu.

58 1216 152 1284 Quare
169 1215 313 1288 legendnm
329 1216 462 1270 arbitror:
486 1216 667 1290 ntraduntque
684 1218 799 1269 invicem
818 1235 850 1269 ao
865 1232 935 1289 sepe
953 1219 981 1269 in
997 1216 1119 1271 colonias

58 1315 93 1349 ac
99 1299 251 1369 provincias
260 1315 320 1351 suas
330 1297 463 1365 scribunt,
473 1299 495 1350 si
504 1300 639 1351 venustius
649 1295 752 1369 aliquid
762 1311 853 1368 arguta
865 1292 890 1348 e't
901 1296 975 1350 brevi
986 1299 1119 1351 sententio

59 1376 210 1444 effulserit,
226 1377 281 1429 sive
292 1375 369 1430 locus
382 1378 512 1450 exquisito
530 1389 556 1430 et
569 1378 677 1449 poetico
689 1377 764 1428 cultu
776 1378 879 1428 enituit.
890 1399 901 1422 ι
915 1378 1034 1448 Praecipit
1047 1378 1119 1429 eninr

59 1455 157 1509 Cicero
167 1457 241 1509 Brut.
252 1474 311 1529 cap.
324 1456 375 1528 95:
392 1474 507 1527 ugonern
518 1470 607 1509 autem
616 1458 737 1515 Asiatica
748 1455 873 1507 dictionis
883 1453 937 1506 duo
947 1468 1024 1506 sunt:
1035 1473 1118 1506 unum

59 1539 257 1590 sententiosum
268 1550 295 1591 et
306 1551 443 1610 argutum,
458 1538 596 1591 sententiis
610 1554 666 1589 noo
680 1549 735 1589 tum
748 1533 872 1607 paribus
889 1547 915 1586 et
927 1536 1024 1587 severis
1038 1553 1119 1606 quam

59 1618 202 1670 concinnis
215 1630 242 1670 et
252 1620 380 1670 venustis.
391 1640 403 1664 ι
416 1619 499 1668 Hero.

98 1767 141 1803 ao.
163 1750 499 1822 Quamdedicaverotoput.
507 1750 575 1819 Quis
584 1749 763 1802 dedicauerat?
771 1767 828 1801 non
838 1749 991 1822 &operatum
1001 1749 1039 1801 illi
1047 1752 1120 1803 enirn

60 1828 251 1885 dedicabatur.
261 1833 328 1900 Quis
339 1831 420 1901 igitur
428 1826 573 1883 dedicrivit?
584 1827 671 1882 disces
680 1828 733 1882 hoc
743 1847 843 1882 eversu
856 1846 899 1898 99.
909 1829 1019 1881 &muts
1029 1830 1121 1901 itaquo

60 1908 370 1982 Poptdusqueliomattus
378 1907 1119 1986 dedicavithooopus;reponendum,posterodiequam
1177 1897 1182 1905 ’

61 1986 216 2041 dedicatum
227 2002 286 2041 erat
297 2006 375 2061 opus,
388 1989 578 2062 oadeoejutsut
587 2008 653 2042 uem.
666 1989 798 2060 Scriptum
810 1989 860 2040 fuit
873 1988 1001 2041 deducatis
1011 1999 1080 2055 erut,
1092 2001 1120 2041 et

62 2067 128 2121 eliso
142 2066 223 2121 litera
237 2078 261 2134 t,
275 2067 448 2122 dedicaverat.
461 2097 498 2110 -
510 2071 612 2123 Onnes
626 2067 688 2120 libri
700 2071 793 2140 scripti
807 2082 833 2120 et
846 2070 961 2138 antiquo
972 2067 1060 2134 editt,
1075 2086 1121 2119 ex·

63 2160 143 2219 cepta
155 2165 212 2200 una
220 2150 376 2216 vicentina,
389 2150 562 2201 consentiunt
574 2150 601 2199 in
610 2147 718 2219 vulgata
728 2149 873 2220 scriptum
886 2144 1004 2199 illsebro
1014 2144 1120 2198 exhibet

62 2227 253 2281 ᾰιᾰὶωυσαιη.
267 2231 364 2281 Praeter
376 2228 565 2281 Marklandum
581 2245 652 2282 unus
668 2228 823 2281 Parrhasius
840 2226 874 2280 de
887 2227 929 2280 bis
942 2226 1030 2279 verbis
1044 2245 1121 2278 com·

63 2321 198 2361 mentatns
216 2320 257 2361 est
267 2309 344 2381 epist.
359 2307 402 2380 57,
415 2327 479 2382 pag.
494 2309 543 2376 sod
553 2307 630 2380 (pag.
645 2310 712 2380 796,
723 2309 851 2361 Thesaur.
866 2306 939 2377 crit)
950 2309 1004 2359 its:
1020 2305 1121 2359 «Dedi-

63 2401 167 2442 eaoerut
180 2390 351 2441 Domitianus
369 2391 427 2461 ipse
441 2402 571 2457 statuam,
590 2390 652 2461 quio
668 2388 788 2461 pontifex
802 2390 949 2455 maximus,
967 2400 997 2438 ut
1009 2386 1121 2439 historia

62 2466 212 2541 Tranquilli
231 2468 313 2521 tradit
327 2482 353 2522 et
364 2470 466 2522 Dion.-
483 2469 577 2522 Jocob.
592 2468 737 2523 Gutherins
756 2468 790 2520 de
802 2469 892 2520 Veteri
904 2471 969 2519 Jure
980 2465 1120 2519 Pontificio

65 2546 167 2614 liblll,
180 2565 205 2598 o.
218 2565 259 2615 tr,
271 2566 333 2619 pag.
348 2549 411 2616 140,
424 2562 487 2601 tom.
498 2550 532 2616 V,
543 2549 672 2601 Thesaur.
683 2549 765 2602 Graes.
777 2550 829 2600 ait:
847 2546 939 2599 nNihil
951 2565 1054 2599 sacrum
1065 2544 1121 2597 fieri

63 2628 168 2699 potnit,
191 2629 244 2680 nisi
259 2628 302 2680 vel
315 2631 441 2701 princeps
456 2628 523 2682 illud
536 2629 686 2694 dedicasset,
700 2628 743 2681 vel
756 2627 899 2681 dedicandi
914 2626 1029 2681 dedisset
1043 2640 1119 2698 pote-

66 2720 169 2760 statem.
182 2732 195 2755 u
208 2710 293 2761 Hero.

102 2839 144 2906 ²4·
163 2840 217 2893 Sed
230 2852 318 2893 tamen
332 2843 478 2895 CCLXXI!
495 2843 662 2895 hexametros.
683 2845 714 2895 In
730 2843 840 2893 Domitii
856 2839 999 2892 Codicibus
1016 2841 1121 2890 numeri

66 2919 188 2988 deerant,
200 2939 268 2991 quos
279 2921 325 2973 ille
335 2941 366 2974 ex
376 2940 457 2975 sensu
465 2922 579 2985 addidit,
591 2921 782 2975 recte-Olim
792 2923 890 2972 omisso
901 2938 1013 2971 numero
1024 2920 1121 2970 refere-

66 3000 130 3052 bant
141 3000 177 3053 od
188 3000 327 3053 artificium
337 3002 506 3054 heroicorum
516 3021 654 3068 versuum,
666 3016 695 3053 ut
706 3021 798 3075 sensps
810 3014 893 3052 esset:
908 3001 1027 3078 quamvis
1038 2997 1120 3049 biduo

66 3084 98 3132 sit
113 3084 257 3152 scriptum,
270 3080 385 3134 heroicis
400 3095 490 3134 tomen
502 3083 631 3135 versibus.
650 3080 702 3133 Sed
719 3079 877 3133 Calderinus
896 3093 967 3131 recte
985 3079 1121 3131 substituit

66 3179 216 3213 numerum.
235 3161 335 3213 Mirum
351 3181 415 3214 sero
432 3161 507 3233 qnod
524 3181 615 3215 omnes
633 3161 764 3212 editiones
779 3178 863 3230 usque
878 3158 911 3211 ad
921 3160 1121 3212 Gronovionam

67 3240 219 3295 exhibent:
233 3242 384 3310 CCLXXII,
398 3254 424 3293 et
437 3240 506 3313 quod
518 3241 606 3295 Barth.
622 3243 672 3311 ²78
685 3259 776 3294 versus
789 3241 1037 3293 numer-avitum.

101 3367 144 3421 25.
163 3366 316 3438 Etsortassc
330 3379 359 3418 tu
369 3385 417 3438 pro
428 3365 529 3441 collepn
541 3368 679 3420 mentieris.
695 3367 778 3439 Lege:
791 3367 825 3418 At
831 3366 958 3438 sortasse,
972 3363 1060 3416 deleta
1074 3366 1121 3417 in·

68 3447 256 3517 refragationis
270 3460 343 3499 nota.
360 3445 546 3516 Objectionem
561 3446 671 3499 denotat
688 3466 738 3500 vox
751 3459 786 3499 nt.
801 3448 894 3499 Cicero
908 3444 942 3497 do
955 3446 1069 3495 Dieinst.
1085 3448 1121 3512 Π,

69 3543 112 3578 at:
135 3526 192 3577 -ut
207 3539 297 3592 vetus,
314 3537 371 3577 tum
385 3528 482 3578 Pinarii
496 3528 595 3595 Nattae,
611 3524 721 3588 nobilis;
737 3546 751 3578 a
766 3525 903 3578 nobilitate
918 3527 998 3595 igitur
1014 3526 1121 3596 pericu·

67 3603 156 3669 lum;·
171 3606 207 3658 ita
219 3604 284 3657 olim
296 3605 448 3674 emendavi,
459 3627 508 3679 pro
518 3627 549 3659 ac
561 3617 697 3659 veientum.
709 3604 820 3659 Ovidius
829 3609 893 3658 Met.
904 3606 975 3668 Vlll,
987 3604 1036 3656 60:
1054 3606 1121 3672 uAt,

66 3699 146 3754 puto,
164 3685 340 3747 vincentum
361 3687 397 3737 ita
417 3685 574 3757 legendum
591 3686 672 3758 vulgo
691 3687 732 3738 Ut.
754 3684 880 3756 Exempla
898 3684 1005 3755 ubique.
1024 3684 1121 3738 Sensus

67 3777 119 3815 est:
142 3764 212 3832 uAt,
230 3764 340 3834 objiciet
359 3764 468 3837 aliquis,
485 3766 599 3818 fortasse
616 3779 659 3833 tu,
675 3765 770 3830 Stella,
786 3766 920 3817 mentieris
937 3782 987 3835 pro
1004 3761 1121 3835 collega,

64 3858 147 3912 poeta
158 3862 209 3915 pro
221 3858 330 3916 poeta.»
344 3844 499 3916 Respondet
512 3847 625 3898 Statius:
642 3846 730 3912 «Esto,
741 3860 770 3897 ut
781 3847 924 3897 mentiatur
936 3842 1015 3895 Stella
1027 3846 1053 3895 in
1065 3863 1122 3915 gra·

66 3923 129 3973 tiam
142 3940 244 3988 meant,
256 3943 273 3975 a
285 3940 326 3974 me
337 3934 456 3997 topatus:
473 3924 585 3977 alterum
598 3940 687 3978 tamen
700 3938 795 3978 testem
806 3925 908 3990 habeo,
921 3922 1051 3977 Manlium
1063 3923 1120 3976 scil.

65 4001 210 4073 Vopiscum
224 4000 267 4072 (at
281 4020 361 4074 quem
377 4005 462 4055 virum
472 4004 495 4076 l)
510 4007 555 4078 qui
572 4024 626 4057 non
641 4019 763 4076 rogatus,
778 4003 826 4055 sed
838 4005 906 4059 ultro
921 4020 946 4058 et
960 4023 1009 4059 sua
1025 4016 1126 4075 sponte„

64 4076 174 4150 ploriari
188 4078 256 4134 solet
271 4100 301 4136 ea
316 4100 411 4153 causa,
424 4083 527 4139 scilicet
542 4085 633 4139 villam
647 4104 721 4140 suam
734 4086 887 4157 descriptam
902 4105 960 4141 esse
974 4105 990 4140 a
1006 4102 1048 4138 me
1061 4103 1116 4138 uno
