2664 4816
462 403 709 472 ranrario
968 365 976 375 ’
1010 405 1111 498 xxiiij

61 547 126 582 aeres
138 542 167 582 et
177 532 300 583 munina
314 528 412 591 eculin
425 526 468 582 vel
482 528 530 584 ubi
545 529 639 587 infans
653 530 756 589 dieitur
773 536 908 609 implicare
917 537 1046 608 pensitam
1060 534 1112 591 eli·

59 624 117 687 eui;
128 621 174 676 vel
186 620 236 676 ubi
247 620 378 675 Tithonia
390 620 494 677 dicitur
503 643 621 698 spaiyere
631 623 752 703 aliquem
754 627 884 706 flapcldn
898 625 940 681 vel
953 626 1001 682 ubi
1014 629 1112 703 hoaqo

57 713 159 769 dieitur
171 734 276 786 carpere
286 733 385 787 qoam
395 713 440 769 vel
450 714 498 770 ubi
512 717 596 770 Tibris
606 728 634 772 et
642 721 765 772 Lucanus
775 739 838 792 aper
850 717 981 773 dicuntur
996 734 1113 792 torquere

57 828 155 880 aquas.-
174 808 224 883 qui
241 807 315 873 baec,
334 807 465 882 inquam,
481 819 509 863 et
524 820 692 864 tercentum
710 808 774 864 talia
792 808 913 886 relegere
927 812 1067 885 potuerint
1085 823 1113 866 et

56 901 154 969 edere,
169 904 230 956 sine
243 899 300 956 ulla
318 899 362 955 vel
377 920 473 956 sensus
488 899 686 978 explicatione,
700 903 743 959 vel
762 903 940 960 absurditatis
954 906 1112 960 mentione?

55 998 144 1070 Atque
156 993 217 1051 hec
230 1005 272 1048 est
283 995 359 1049 Statii
373 995 401 1048 in
414 994 457 1049 bis
469 992 559 1070 Sylris
576 1014 651 1061 sors;
666 1015 698 1050 ea
712 996 855 1052 Editomm
868 999 1008 1052 securitas.
1023 1000 1112 1052 Nimi-

55 1106 137 1155 rum,
147 1085 203 1142 illis
217 1105 274 1141 non
285 1086 395 1142 videare
407 1084 562 1143 suboluisse
576 1087 678 1143 (letam
691 1089 850 1166 prodigiosa
863 1089 964 1144 horum
976 1087 1112 1144 librorum

54 1179 270 1256 depravatione3
284 1191 311 1233 et
325 1177 493 1235 mendorum
506 1199 672 1236 consensum
689 1200 740 1258 pro
757 1184 872 1237 sanitate
890 1193 1063 1258 acceperunt.
1078 1185 1113 1238 Ni

53 1276 93 1328 ita
102 1292 132 1328 se
141 1272 272 1340 baberet,
284 1272 426 1348 quomodo
437 1272 497 1328 fieri
509 1277 601 1350 potuit
609 1287 641 1330 ut
651 1286 694 1328 tot
702 1274 918 1331 absurditatibus
928 1277 1112 1350 acquiesceret

53 1370 128 1439 (non
141 1365 207 1422 dico
220 1369 366 1423 Gevartius
382 1380 410 1424 et
425 1367 568 1438 Barthius,
581 1367 645 1440 sed)
661 1387 787 1426 summus
801 1368 848 1425 ille
864 1370 1037 1437 Gronovius,
1051 1369 1112 1423 sine

55 1460 113 1516 ulla
123 1459 168 1516 vel
177 1463 344 1538 suspicionis
354 1480 410 1518 suae
421 1466 576 1518 mentione?
586 1469 643 1518 Neo
653 1463 707 1519 hoc
719 1464 795 1532 dieo,
808 1474 838 1519 ut
848 1482 909 1518 mea
919 1464 1029 1538 majoris
1039 1464 1112 1519 aesti-

54 1566 180 1624 mentar,
190 1565 236 1609 aut
248 1566 280 1609 ut
290 1553 370 1611 famae
381 1568 408 1610 et
419 1557 524 1611 meritis
534 1554 607 1612 illius
620 1555 762 1611 detraham
777 1559 911 1632 (quorum
923 1568 1053 1612 neutrum
1064 1568 1112 1612 aut

54 1652 85 1703 in
104 1650 199 1703 animo
217 1660 265 1704 aut
283 1650 312 1703 in
330 1661 467 1725 potestate
485 1669 547 1705 mea
568 1653 653 1705 situm
671 1651 740 1722 est);
760 1650 808 1705 sed
829 1663 860 1707 ut
878 1651 944 1706 binc
961 1652 1111 1727 perspicias

55 1757 142 1814 quam
156 1739 273 1794 diversae
286 1758 330 1794 res
343 1741 399 1795 sint
411 1742 546 1814 Linguam
557 1743 681 1796 Latinam
693 1752 721 1795 et
734 1746 829 1795 Poetas
843 1742 952 1796 Latinos
969 1743 1072 1816 optime
1085 1751 1113 1795 et

54 1843 184 1887 accurate
193 1830 361 1908 intelligere:
373 1851 493 1908 quorum
506 1832 596 1902 istud,
610 1836 633 1887 si
645 1835 773 1909 cuiquam
785 1831 959 1902 mortalium,
971 1833 1112 1887 Gronovio

53 1925 192 1998 contigit;
209 1925 262 1979 boc
275 1926 416 1997 (accurate
433 1923 528 1998 dieo),
545 1926 592 1980 vix
607 1927 701 1981 uni'et
716 1924 809 1995 alteri,
824 1926 899 2002 quod
915 1927 1000 1981 sciam
1015 1926 1111 1997 (vivos

55 2020 136 2072 enim
147 2029 294 2092 praterea,
305 2029 400 2092 utpote
409 2036 479 2093 quos
488 2018 607 2074 Libitina
616 2019 743 2074 nondum
754 2021 931 2091 sacraverit),
945 2030 1043 2095 praeter
1051 2019 1110 2072 Nic.

54 2113 218 2179 Heinsium,
230 2130 329 2166 vemm
340 2110 434 2166 Phoebi
444 2111 603 2177 alumnum,
614 2125 640 2167 et
650 2109 786 2188 Calliopes
797 2115 859 2168 sinu
869 2116 1049 2168 innutritum:
1061 2112 1110 2187 qui

54 2204 134 2260 aliud
145 2223 230 2281 agens
241 2222 319 2281 paene
330 2203 413 2280 plura
424 2202 497 2274 loca,
510 2216 583 2261 certe
594 2203 768 2274 difficiliora,
781 2208 810 2260 in
822 2206 866 2261 bis
878 2205 967 2282 Sylvis
977 2207 1111 2276 restituit,

54 2317 143 2374 quam
157 2316 254 2353 omnes
265 2295 312 2351 alii
323 2295 406 2352 simul
419 2300 502 2352 sumti
513 2300 670 2371 (Gronovio
682 2300 812 2375 excepto)
826 2302 875 2376 qui
887 2318 919 2354 ex
931 2297 1057 2375 professo
1069 2300 1110 2352 in·

55 2391 193 2448 sudarunt
205 2391 271 2446 huic
283 2393 376 2467 operi;
389 2410 441 2446 nec
451 2390 548 2446 dubito
560 2395 627 2468 quin
641 2391 728 2448 multo
740 2392 819 2469 plura
831 2391 933 2448 lateant
946 2396 972 2447 in
986 2394 1111 2465 margine

55 2484 229 2562 Exemplaris
241 2489 313 2561 ejus;
325 2485 402 2561 quod
416 2506 431 2540 a
442 2491 601 2541 Burmanno
614 2486 758 2563 aliquoties
770 2489 884 2542 citatum
893 2487 989 2555 video,
999 2492 1060 2541 Not.
1075 2486 1111 2541 ad

53 2579 204 2642 (ividium3
218 2590 246 2634 et
260 2581 384 2633 meminit
397 2582 520 2636 Graevius
533 2583 562 2634 in
574 2583 657 2656 Epist.
671 2581 706 2635 ad
719 2579 885 2649 Bentleium,
898 2586 959 2635 Not.
971 2579 1005 2634 ad
1017 2586 1108 2633 llorat.

54 2679 148 2728 Carni.
163 2676 175 2724 Ι
182 2712 191 2739 ,
208 2674 258 2738 23,
274 2672 299 2724 5.
311 2676 369 2726 Nec
382 2682 474 2725 tamen
490 2671 543 2726 boc
555 2675 695 2726 Gronovio
707 2673 775 2726 vitio
786 2672 952 2726 vertendum
965 2671 1091 2726 duxerim
1102 2696 1109 2736 ς

55 2783 115 2817 non
131 2760 222 2817 hercle
238 2765 326 2838 magis
341 2782 425 2838 quam
442 2764 518 2839 quod
534 2763 627 2819 Gallus
642 2763 685 2820 vel
701 2768 845 2819 Britannus
862 2785 918 2819 non
936 2764 1034 2830 fuerit;
1053 2783 1109 2818 non

56 2860 146 2931 magis
158 2875 243 2933 quam
258 2857 334 2933 quod
350 2882 360 2904 ι
372 2858 535 2934 spectandus
550 2861 636 2933 nigris
651 2857 738 2913 oeulis
752 2862 887 2934 nigroque
901 2857 1022 2933 capillo»
1039 2858 1110 2912 forte

56 2971 116 3006 non
130 2950 223 3005 fuerit.
239 2956 297 3006 iioc
313 2953 387 3006 enim
403 2951 509 3006 donum
524 2965 564 3007 est
575 2958 700 3021 Naturae,
718 2966 744 3006 ct
757 2951 810 3007 illis
820 2951 885 3007 solis
898 2953 1025 3025 contigit,
1040 2971 1110 3026 quos

61 3074 71 3091 ·
85 3051 232 3100 Nascentes
242 3045 351 3122 placido
363 3046 466 3102 lumine
476 3047 594 3102 viderit»
607 3045 788 3122 Melpomene.
800 3046 887 3100 Multo
898 3047 993 3099 altiora
1005 3056 1032 3098 et
1041 3044 1111 3098 forte

57 3139 168 3195 utiliora
187 3143 266 3195 novit
281 3153 309 3196 et
326 3140 443 3196 excoluit
459 3145 502 3197 vir
520 3141 565 3197 ille
579 3162 644 3197 vere
664 3144 816 3205 maximus;
832 3161 951 3216 quorum
967 3143 1110 3195 innumera

57 3236 210 3309 specimina
223 3234 371 3289 exbibetin
385 3234 513 3310 praeclara
527 3235 648 3289 Diatribe
661 3239 688 3289 iu
701 3237 775 3291 Statii
788 3233 896 3310 Sylvas:
910 3237 939 3288 in
952 3252 1009 3309 quo
1020 3246 1110 3287 tamen

56 3345 143 3401 opere
155 3324 243 3380 multa
257 3326 292 3380 ad
307 3333 451 3383 Poetarum
466 3327 541 3384 locos
554 3332 702 3404 spectantia
717 3340 866 3397 mutasset,
882 3340 924 3383 sat
938 3329 1011 3396 scio,
1027 3328 1111 3379 lieiu-

57 3423 134 3486 sius,
146 3421 170 3474 si
180 3419 216 3473 ad
228 3417 302 3474 illius
312 3420 451 3495 Judicium
464 3440 506 3476 res
519 3421 615 3476 fuisset
628 3422 769 3496 exigenda.
781 3428 899 3489 Interea,
912 3421 978 3475 inde·
988 3438 1017 3473 se
1029 3417 1110 3473 solari

56 3524 149 3589 potest
158 3515 329 3583 Gronovius,
342 3514 417 3588 quod
427 3513 481 3568 lioc
490 3516 597 3586 (nescio
607 3534 642 3568 an
653 3515 741 3570 dicam
754 3514 955 3584 infortunium)
965 3530 1111 3564 commune

58 3606 188 3661 babuerit
205 3625 270 3660 cum
285 3608 352 3661 viris
367 3609 396 3660 in
411 3606 471 3662 aliis
486 3606 650 3662 eruditionis
664 3608 786 3682 partibus
802 3606 883 3681 longe
898 3607 1023 3661 summis.
1042 3605 1111 3658 ilinc

57 3703 140 3753 ctiam
155 3719 183 3754 sc
197 3700 267 3753 tueri
280 3711 388 3776 potest,
404 3699 478 3776 quod
496 3700 555 3755 haec
570 3700 690 3755 Diatribe
705 3704 824 3777 primum
842 3704 900 3774 ejus
918 3711 1072 3763 tentamen,
1085 3707 1111 3751 et

57 3812 129 3868 opus
143 3791 265 3867 juvenile
278 3791 349 3848 luit:
364 3794 487 3869 juvenile
501 3795 614 3870 quidem
630 3793 714 3863 illud,
734 3795 782 3850 sod
797 3794 929 3849 Gronovii
943 3793 1069 3866 juvenis,
1086 3803 1111 3845 et

57 3885 140 3960 quale
149 3905 206 3940 nou
218 3884 364 3961 perfectius
376 3885 516 3942 elaborare
527 3890 668 3963 potuerint
679 3886 759 3941 multi
768 3930 776 3956 ,
786 3889 834 3961 qui
846 3887 919 3940 bisce
930 3883 1015 3938 literis
1025 3895 1110 3937 totam

56 4004 72 4032 a
82 3994 161 4036 tatoni
175 3982 387 4057 impenderunt:
404 3986 482 4037 etiam
495 4002 600 4037 errores
614 3985 691 4037 istius
705 3986 754 4037 riri
768 3981 900 4057 quiddam
915 3980 1050 4034 eruditius
1064 3978 1109 4032 lm-
