2664 4816
136 375 235 468 xxxvj
517 377 807 442 MARKLANDI

136 515 225 560 totum
240 523 309 581 opus
326 521 433 580 sparsas
447 502 563 558 videbis.
583 503 665 559 Liber
680 508 721 559 cst
739 506 768 559 in
786 501 862 559 folio
879 504 1132 580 (quemadmodum
1145 505 1190 562 lo·

136 599 291 674 quantur),
306 597 462 653 charactere
473 596 656 667 nitidissimo,
670 608 697 653 et
708 600 817 674 opinor,
831 596 866 653 ad
878 600 1042 675 scripturam
1053 599 1189 656 Codicum

136 691 210 747 unde
224 691 363 747 desumtus
378 705 434 760 cst,
446 688 600 747 accedente.
614 695 706 766 Magni
720 711 785 747 curn
798 691 865 748 fecit
877 694 1020 749 Heinsius:
1035 696 1139 770 passim
1151 694 1190 749 ci·

136 798 192 857 tat,
204 800 232 841 ct
246 806 278 841 ex
294 784 342 842 illo
358 788 436 842 Statii
447 783 507 840 loca
521 785 655 842 emendat.
672 787 739 842 Mihi
752 786 806 843 boc
818 788 955 864 precipue
969 791 1082 844 nomine
1095 800 1191 865 gratus

137 879 206 948 fnit,
221 879 297 955 quod
311 878 381 934 nulli
400 891 480 934 antea
496 878 657 950 Editornm,
672 892 807 956 qnantum
823 883 905 951 novi,
917 880 992 936 hunc
1005 881 1109 937 vidisse
1123 899 1190 937 con-

135 974 252 1047 tigerat:
272 984 299 1026 et
317 973 404 1045 magis
420 973 563 1047 magisque
579 982 689 1047 gratus,
707 983 856 1049 postquam
870 976 1048 1047 Conjecturas
1064 991 1140 1029 meas
1154 973 1190 1029 ab

136 1062 182 1119 illo
194 1063 368 1120 confirmatas
383 1067 596 1139 comperissem:
611 1082 695 1141 quarn
706 1062 875 1142 voluptatem
887 1064 981 1121 multis
994 1067 1023 1119 in
1038 1064 1106 1122 locis
1119 1067 1188 1142 cepi.

135 1157 177 1213 Ad
190 1158 274 1213 linem
288 1157 371 1232 hujus
385 1157 519 1213 Editionis
534 1155 636 1232 legitur
647 1157 706 1213 brec
719 1156 849 1214 notabilis
861 1157 1061 1235 Epigrapbe:,·
1072 1163 1099 1213 P.
1113 1161 1192 1233 Papi-

135 1253 173 1306 nii
184 1252 259 1307 Statii
270 1249 341 1305 liber
350 1256 414 1326 qnt⁹
426 1249 552 1327 explicit:
566 1252 641 1328 quiq
650 1269 707 1305 non
717 1249 809 1306 desint
818 1252 867 1326 qni
877 1249 964 1305 velint
973 1247 1119 1327 epistolam
1129 1268 1191 1327 qnae

136 1343 267 1423 scribitur
276 1343 442 1399 Abascantio
455 1341 581 1399 Priscillae
591 1347 691 1400 Marito
702 1363 760 1399 non
771 1362 831 1399 esse
843 1345 1011 1420 principium
1023 1346 1130 1420 quinti,
1141 1342 1192 1400 sed

135 1439 323 1514 interpositam
333 1439 361 1491 in
371 1448 483 1513 quarto:
497 1447 524 1492 et
535 1435 617 1492 silvas
629 1436 720 1493 solum
732 1439 760 1492 in
771 1430 987 1514 libros'quatuor
998 1455 1058 1493 esse
1070 1437 1189 1494 diuers:

135 1529 210 1605 qnod
226 1527 340 1605 quidem
352 1541 478 1585 constare
490 1528 603 1584 videtui
616 1548 648 1584 ex
665 1529 708 1585 bis
724 1528 818 1584 verbis
831 1542 932 1606 poetae:
952 1533 1043 1600 Quare
1060 1528 1145 1607 plura
1161 1532 1190 1585 in

135 1624 240 1692 Quarto
258 1619 394 1678 Silvarum
409 1640 493 1698 quam
512 1624 541 1676 in
559 1621 710 1697 prioribus:
728 1626 888 1677 Correctum
905 1642 932 1699 p.
952 1621 980 1677 d.
1001 1622 1126 1698 (opinor,
1142 1642 1193 1695 per

135 1717 287 1787 dominum)
299 1717 472 1769 Franciscnm
485 1713 682 1769 Puteolanum:
696 1726 724 1770 et
734 1733 817 1786 vere,
829 1713 901 1770 ultra
913 1718 1125 1791 impressionem
1136 1720 1192 1771 Ve-

135 1811 216 1865 netiis
226 1810 342 1878 laetam,
354 1812 384 1864 in
393 1815 428 1865 111
438 1807 561 1864 millibus
572 1807 638 1864 loeis
649 1808 833 1878 emendatum,
846 1814 887 1866 SS.
899 1807 1039 1863 Catullum
1049 1821 1077 1865 et
1085 1807 1190 1866 Silvas:

135 1913 167 1956 ut
178 1914 208 1957 tu
220 1906 318 1958 Lector
326 1900 461 1958 ambobus
472 1899 675 1977 exemplaribus
687 1902 806 1977 experiri
816 1902 918 1978 poteris
929 1926 936 1956 ι
949 1882 1042 1976 iiaqne
1054 1899 1133 1956 nullo
1144 1919 1175 1956 rn

135 1991 250 2070 intelligi
262 1995 365 2070 possit:
381 2006 407 2048 et
420 2006 518 2048 cetera.
534 1999 701 2070 impressum
718 1999 819 2048 Parma
833 2013 883 2070 per
895 2012 941 2048 me
954 1993 1124 2070 Stephanum
1139 1996 1193 2049 Go-

135 2085 243 2144 rallum.
259 2093 339 2143 Anno
353 2088 456 2144 Christi
472 2107 638 2143 ucccctxxru
653 2086 775 2144 secundo
788 2084 844 2142 Cal.
860 2086 1036 2163 Septembris.
1049 2112 1060 2135 n
1077 2086 1193 2142 Franci·

135 2199 198 2236 scus
209 2180 256 2235 bic
268 2179 431 2236 Puteolanus
445 2183 493 2252 (ut
507 2181 560 2237 hoc
572 2180 663 2237 obiter
677 2179 792 2251 addam)
804 2192 957 2256 preceptor
970 2178 1025 2234 fuit
1038 2181 1092 2235 viri
1103 2180 1193 2254 magis

134 2277 211 2345 noti,
227 2273 344 2356 t’bilippi
359 2272 498 2343 Beroaldi,
513 2288 596 2351 prout
611 2275 689 2331 disco
704 2293 738 2330 ex
748 2277 880 2329 chartio
895 2276 987 2349 Papio.
1006 2277 1077 2328 Lect„
1096 2277 1149 2340 ill,
1165 2274 1192 2328 6.

134 2366 228 2435 Idem,
244 2368 353 2441 opinor,
370 2378 410 2422 est
425 2365 606 2437 Puteolanus,
623 2369 701 2442 cujus
719 2369 846 2421 meminit
860 2364 1028 2434 Politianns,
1044 2361 1192 2441 Epistolar.

135 2466 175 2528 ll,
196 2464 237 2531 tq.
255 2460 324 2514 Hinc
340 2476 407 2513 vero
425 2470 513 2533 patet,
530 2461 714 2535 antiquiorem
733 2458 785 2513 hac
804 2460 942 2513 Parmensi
957 2457 1042 2512 fuisse
1057 2462 1193 2511 Venetam

135 2552 232 2623 aliam,
244 2571 327 2629 quam
340 2551 411 2606 forte
423 2553 513 2606 innuit
525 2554 670 2608 Gevartius
684 2555 777 2628 Papin.
790 2557 861 2607 Lect.
876 2557 900 2623 l,
918 2555 965 2622 13,
978 2551 1026 2606 ubi
1039 2551 1106 2604 citat
1118 2555 1147 2604 Pr
1154 2552 1194 2604 in·

135 2649 225 2722 cipcm
239 2644 309 2700 Edit.
321 2649 454 2700 Venetam
468 2644 502 2698 atl
518 2645 734 2701 confirmandam
748 2647 907 2700 lectionem
922 2646 1017 2718 nymbo
1032 2662 1084 2718 pro
1100 2645 1192 2716 thym-

136 2741 181 2792 bra
187 2760 197 2800 ,-
207 2755 293 2813 quum
303 2749 394 2791 mmen
406 2739 525 2808 thymbra
536 2740 609 2792 sitin
618 2744 721 2792 Veneta
731 2739 804 2792 Anni
814 2756 943 2805 uceccxc,
955 2749 986 2791 nt
997 2748 1074 2790 notat
1084 2738 1193 2790 Grone-

135 2831 198 2884 vius
209 2828 314 2885 Praefat.
327 2828 463 2883 Diatribes
474 2853 479 2881 :
492 2842 519 2884 et
531 2829 648 2906 proinde
659 2849 772 2885 necesse
785 2831 819 2885 sit
832 2829 915 2884 aliam
927 2848 986 2884 esse
998 2834 1132 2882 Venetam
1145 2826 1194 2883 illa

135 2924 324 2978 vetustiorem.
339 2927 426 2976 lmmo
443 2924 527 2977 trium
542 2928 709 2978 Venetarum
724 2924 911 2999 antiquiorum
929 2924 1097 2976 mentionem
1111 2924 1193 2977 inve·

135 3016 199 3077 nio;
214 3018 297 3069 unius
309 3033 427 3090 nempe,
445 3034 488 3069 an.
506 3019 593 3084 1483,
608 3015 681 3090 apud
698 3014 737 3071 Cl.
751 3015 907 3071 Fabricium
921 3014 1089 3070 Bibliotheca
1100 3016 1192 3069 Latin.

135 3107 183 3164 lib.
197 3113 220 3161 ll
228 3150 237 3173 ,
249 3127 308 3184 cap.
327 3110 374 3178 ιδ,
387 3120 414 3163 ct
425 3106 612 3185 supplement.
626 3127 653 3184 p.
669 3129 731 3181 pta.
744 3108 879 3177 Alterius,
892 3127 935 3163 an.
952 3109 1023 3180 1475
1035 3105 1111 3184 apud
1122 3111 1195 3163 Gro-

136 3204 250 3257 novium
263 3200 350 3277 llcliq.
363 3203 397 3257 ad
410 3204 484 3258 Statii
500 3201 604 3278 Sylvas.
616 3204 730 3271 Tertiae,
742 3206 881 3257 Parmensi
894 3203 1069 3270 vetustioris,
1084 3202 1112 3256 in
1123 3203 1193 3276 Epi-

136 3295 241 3373 grapbe
259 3295 343 3350 modo
361 3295 487 3351 adducta.
503 3298 598 3351 Erravi
618 3298 701 3370 igitur
719 3296 857 3371 siquando
876 3302 1050 3350 Parmensem
1065 3295 1194 3350 omnium

137 3391 355 3465 antiquissimam
368 3390 492 3444 dixerim.
503 3395 597 3461 Quum
608 3389 703 3444 dehac
714 3395 817 3443 Veneta
826 3388 952 3445 Editione
961 3406 1127 3464 quaercrem,
1140 3387 1194 3442 ad-

137 3485 259 3538 monitus
273 3501 347 3537 eram
360 3480 435 3537 illam
450 3485 553 3538 servari
564 3484 592 3536 in
606 3479 773 3537 Bibliotheca
787 3480 937 3537 Celsissimi
949 3484 1033 3536 Ducis
1045 3482 1194 3551 Devoniae,

137 3578 240 3649 egregii
254 3577 406 3631 Litcrarum
423 3574 553 3631 fautoris:
571 3593 657 3650 aquo
674 3577 845 3644 (interventu
859 3573 1030 3630 Nobilissimi
1045 3571 1194 3649 cujusdam

137 3669 241 3739 Amici)
256 3667 416 3723 thesaurum
432 3667 507 3722 bunc
522 3667 684 3743 impetravi:
703 3684 822 3741 quorum
836 3666 905 3722 adeo
920 3666 1087 3721 humanitati
1102 3676 1129 3720 et
1146 3684 1193 3720 co·

138 3758 225 3812 unitati
236 3760 340 3813 utinam
351 3777 432 3837 pares
444 3761 544 3834 gratias
557 3756 661 3812 referre
672 3776 791 3833 possem.
805 3761 838 3812 Et
845 3763 902 3832 jam
915 3757 1010 3825 video,
1022 3760 1116 3813 omnia
1128 3778 1194 3834 quie

138 3850 172 3904 ‹le
186 3853 342 3925 prestantia
356 3852 427 3906 Edit.
441 3858 527 3906 Parm.
541 3849 769 3926 praedicaveram,
783 3850 818 3904 ad
830 3851 901 3906 hanc
915 3852 1017 3926 potiori
1028 3853 1092 3926 jure
1103 3863 1194 3906 trans·

138 3942 252 3998 l'crenda
265 3962 339 3999 esse:
359 3945 464 4020 qnippe
476 3945 629 3999 Parmensis
646 3961 679 3997 cr
695 3943 746 3998 hac
764 3941 846 4019 plane
864 3963 992 4020 expressa
1008 3942 1095 3999 fuisse
1111 3943 1194 3999 vide-
