2664 4816
218 377 320 443 miv
600 333 894 440 trienninm

217 504 286 563 bent
299 521 383 580 qnam
394 497 512 557 aliorum
522 499 683 573 caplim
697 501 750 557 Et
742 518 772 555 in
785 501 966 568 universnm,
976 498 1031 557 hoc
1042 501 1124 575 quui
1133 518 1169 557 ex
1177 500 1275 559 anoni

217 597 328 674 tripode
346 593 463 651 affatum
481 612 584 651 aume-
600 595 772 670 Nunquam'
764 594 938 650 interimam
951 610 1011 649 ecoe
1026 611 1122 649 veram
1135 592 1276 711 Erudit»

217 708 299 754 nem,
313 687 404 744 donec
417 687 551 743 Gronovii
564 689 657 761 Opera
669 683 804 762 legentur.

255 893 292 947 At
303 885 491 965 periculosum
504 896 563 941 erat
576 905 592 940 a
605 896 683 945 tanto
696 888 757 942 viro
770 885 924 942 dissentire
937 890 1002 942 Erat
1014 884 1149 962 quidemr
1163 885 1233 957 sed,
1242 902 1275 945 nt

218 995 301 1061 pnto,
314 984 413 1041 docem
427 982 563 1039 rationein
577 979 728 1056 coquebam
742 984 823 1057 cnjus
839 982 898 1050 rei,
914 992 962 1049 tn,
980 984 1089 1051 lector,
1106 982 1275 1039 conatitntau

218 1096 246 1136 et
261 1076 355 1154 judex„
372 1080 406 1131 Et
420 1074 491 1150 quid
508 1072 646 1130 facerem?
661 1075 748 1145 ilinc,
763 1084 797 1131 nt
809 1073 879 1129 mihi
896 1073 1053 1145 videbator,
1070 1077 1145 1130 stetit
1156 1077 1274 1140 vedum

217 1169 309 1240 illinc,
318 1170 490 1227 amoarium
501 1186 574 1224 anne
585 1166 708 1224 difficilis
719 1167 833 1224 electio?
843 1171 984 1225 Gronovio
995 1179 1082 1239 certe,
1092 1169 1275 1245 quartumvir

218 1283 337 1339 magno,
352 1265 442 1337 major
456 1263 566 1317 veritas.
585 1265 642 1317 Nec
656 1262 779 1338 eripiam
794 1280 919 1338 unquam
933 1259 1029 1317 flandi
1043 1260 1098 1316 fnit
1110 1279 1128 1317 a
1139 1263 1276 1339 quopiam

217 1376 283 1414 aum
296 1358 404 1412 rationo
415 1355 594 1421 disrmaiaae3
608 1357 764 1432 prasertim
773 1356 804 1410 in
814 1355 860 1412 his
870 1355 985 1421 etodiia3
1000 1357 1031 1410 in
1047 1353 1151 1432 qnibaa
1163 1372 1224 1410 non
1238 1354 1276 1411 ad

218 1446 369 1507 formulam
377 1448 567 1524 astringimur,
578 1459 607 1504 et
617 1447 692 1504 idem
701 1451 746 1523 joa
758 1459 799 1504 eat
808 1452 908 1506 Morio
919 1446 996 1525 qnod
1001 1448 1094 1503 Titio:
1105 1446 1181 1503 abrit
1188 1444 1276 1503 mode

217 1538 292 1597 livor
300 1551 327 1596 et
338 1538 504 1616 perdono
514 1559 637 1618 quorum
647 1559 743 1598 causas
754 1541 853 1617 procul
864 1541 963 1598 habeo.
973 1543 1063 1597 litim
1072 1540 1110 1596 ab
1117 1542 1181 1618 ipso
1191 1541 1277 1596 Hein-

218 1635 262 1693 aio
272 1635 423 1711 sepissime
433 1636 462 1691 in
474 1633 529 1690 hoc
537 1653 624 1710 opere
636 1635 786 1691 dissentio:
797 1655 849 1691 nee
860 1646 954 1691 tamen
964 1644 1111 1712 propterea
1121 1632 1168 1690 vel
1178 1632 1216 1690 do
1226 1631 1277 1689 illo

218 1727 316 1802 pejus,
328 1725 371 1784 vel
383 1726 419 1784 de
431 1728 539 1804 meipso
550 1726 648 1784 melios
660 1730 796 1785 existimo

256 1913 344 1971 Molee
351 1915 436 1992 th'ns
444 1914 596 1972 voluminis
606 1917 728 1987 obstitit,
736 1936 792 1994 qno
803 1918 897 1972 minus
908 1916 1020 1972 ederem
1028 1913 1193 1992 proclam
1202 1913 1277 1971 hane

217 2008 352 2062 Gronorii
372 2007 515 2064 Diatriben
533 2010 629 2084 (cnjus
649 2007 815 2085 exemplaria
832 2013 891 2084 jam
908 2011 1014 2063 rariora
1032 2008 1127 2079 eunt),
1145 2018 1175 2062 at
1191 2003 1276 2063 simul

217 2100 380 2176 Papinianas
399 2101 544 2155 lectiones
563 2102 625 2156 lani
641 2103 764 2177 Casperii
782 2102 921 2169 Gerontii,
942 2098 1126 2155 cultissimum
1142 2116 1235 2174 opat,
1250 2110 1279 2154 et

99 2191 101 2194 ’
218 2190 340 2247 &oditis
354 2191 424 2247 bene
437 2202 537 2247 notum
550 2214 557 2245 =
574 2203 602 2247 et
613 2190 678 2248 licet
688 2194 836 2248 Gevartins
851 2194 882 2247 in
895 2210 926 2246 re
938 2192 1034 2247 critica
1051 2189 1122 2247 nihil
1139 2189 1227 2247 inerit
1241 2187 1278 2246 ad

218 2287 408 2354 omoovium,
422 2283 539 2340 feliciter
548 2296 642 2342 tamen
653 2288 685 2341 in
698 2287 752 2342 hoc
763 2305 847 2363 opere
857 2297 982 2341 versatus
993 2297 1052 2354 est,
1066 2296 1094 2340 et
1104 2286 1223 2340 sonum
1237 2283 1280 2340 lo·

218 2375 342 2435 culenter
354 2376 516 2454 explicavit,
530 2389 557 2433 et
571 2397 628 2434 non
642 2397 706 2434 raro
720 2378 879 2435 emendavit
893 2403 899 2432 :
917 2390 950 2433 ut
966 2377 1083 2454 proinde
1097 2375 1220 2434 multum
1236 2375 1278 2432 illi

93 2534 96 2541 Ι
218 2468 337 2527 debeant
349 2473 504 2548 Papiniano
515 2473 619 2528 litere.
632 2472 737 2528 Barthii
750 2471 905 2528 Editionem
919 2473 996 2527 Statii
1006 2469 1135 2526 nondum
1144 2470 1221 2525 vidi:
1235 2488 1277 2526 ee·

218 2574 297 2638 ptem
305 2575 398 2620 tamen
408 2562 451 2619 vel
460 2576 523 2620 octo
533 2564 739 2621 emendationes
748 2566 826 2640 (qnae
835 2568 864 2620 in
877 2564 950 2620 Edit.
959 2566 1067 2621 Verior.
1077 2562 1278 2636 occurrebant)

218 2674 319 2733 parvae
333 2657 464 2734 quidem,
478 2658 526 2714 aed
538 2659 722 2725 indubitatas,
734 2659 842 2714 admisi.
858 2661 1032 2728 Bernartius,
1045 2656 1195 2728 Morellus,
1209 2662 1281 2714 em·

219 2770 300 2819 cens,
311 2751 448 2828 quidquid
461 2751 641 2820 contulerint,
654 2756 711 2809 suis
722 2753 791 2809 locis
803 2754 1010 2809 memorabitur.
1022 2755 1056 2808 Hi
1068 2770 1164 2808 omnes
1175 2754 1220 2825 (et
1230 2751 1280 2808 alii

218 2841 343 2919 aliquot)
357 2844 507 2901 ediderunt
521 2846 571 2901 has
584 2845 687 2921 Sylras.
703 2852 788 2901 lanus
805 2847 965 2903 Parrhasius
979 2847 1124 2919 (monento
1135 2845 1279 2919 Banliio),

218 2940 378 3010 Argument.
390 2936 495 2993 Profat.
505 2940 534 2992 in
545 2936 593 2993 lib.
604 2943 623 2994 1.
635 2937 779 2993 Claudiani
788 2938 825 2993 de
833 2944 923 3014 Raptu
932 2941 1117 3015 Proserpinae,
1126 2935 1280 3013 pollicetur

219 3032 423 3086 Commentan‘a
438 3032 468 3085 in
485 3029 596 3107 Syllam
615 3031 691 3107 quod
707 3043 734 3087 et
752 3030 820 3087 facit
840 3029 990 3087 Politianus
1008 3034 1094 3108 Epist.
1112 3036 1165 3100 VI,
1187 3050 1213 3099 1,
1229 3030 1282 3087 nbi

219 3122 302 3177 etiam
310 3133 426 3178 testatur
435 3142 464 3179 ae
472 3123 584 3201 publico
595 3123 751 3200 praelcgisse
762 3125 813 3181 hos
824 3125 930 3181 Libros.
941 3130 996 3180 loa.
1008 3124 1135 3200 Scaliger.
1145 3126 1279 3200 Castigat.

220 3215 249 3271 in
264 3218 397 3291 Propertii
414 3215 461 3272 lib.
478 3222 518 3287 11,
536 3238 598 3294 pag.
620 3220 689 3287 185,
702 3219 774 3274 Edit.
788 3221 922 3275 Patiason.
939 3229 1074 3274 memorat
1092 3236 1122 3273 se
1135 3236 1282 3300 enarrasse

220 3318 293 3365 totos
306 3310 432 3385 quinque
443 3309 528 3367 libios
540 3311 684 3388 Sylvarnm
695 3313 836 3368 Ludovico
847 3317 1005 3381 Castanaeo,
1016 3314 1110 3388 Equiti
1120 3313 1214 3386 Regio.
1226 3310 1281 3369 Sed

219 3402 350 3474 privato,
366 3402 476 3476 opinor,
493 3402 536 3458 hm
552 3402 697 3479 scaligeri,
713 3423 771 3459 non
786 3402 920 3480 publicae,
935 3417 983 3459 ant
999 3404 1108 3479 scriptis
1122 3405 1284 3458 commisse

220 3490 422 3556 Praelectionc33
433 3492 509 3568 quod
519 3505 612 3549 tamen
621 3497 737 3551 innuere
745 3495 855 3551 videtur
863 3497 1000 3551 Barthins.
1011 3493 1064 3549 Alii
1075 3513 1188 3570 qnoque
1196 3493 1282 3549 mnlti

221 3582 312 3645 lucem
325 3599 352 3643 et
366 3589 511 3643 sanitatem
525 3588 592 3644 huic
603 3589 745 3666 Opusculo
758 3590 848 3647 obiter
860 3589 1051 3647 contulerunt:
1066 3602 1098 3644 nt
1110 3608 1178 3645 sanc
1190 3588 1281 3644 dnbi-

221 3686 290 3745 tem,
305 3698 340 3734 an
350 3682 423 3736 inter
432 3684 524 3737 omnia
537 3685 721 3760 Antiquomm
731 3687 835 3761 Scripta
844 3682 917 3738 ullus
929 3687 964 3738 sit
972 3681 1096 3750 libellus,
1108 3685 1158 3758 qui
1168 3694 1211 3736 tot
1222 3700 1282 3736 mc·

222 3766 297 3824 dicae
311 3789 407 3828 manue
424 3787 551 3851 experuis
566 3777 613 3840 sit;
631 3780 735 3853 quippe
750 3780 778 3832 in
793 3781 928 3832 contextu
945 3776 1028 3850 hujus
1039 3773 1176 3829 Editionie
1190 3774 1282 3829 habes

223 3865 386 3921 certissimas
398 3868 610 3924 Emendationes
622 3872 745 3924 virorum
758 3870 794 3924 ad
805 3871 953 3923 minimum
965 3866 1145 3944 qnadraginta
1159 3869 1189 3921 in
1203 3866 1236 3921 re
1249 3866 1283 3922 li·

223 3957 320 4012 teaaria
339 3961 506 4036 Principum.
525 3969 582 4019 Nec.
601 3976 712 4029 tamon,
732 3974 762 4018 ut
782 3961 849 4017 mihi
869 3961 987 4030 videtur,
1005 3961 1150 4016 dimidiam
1170 3973 1283 4037 panem
