2664 4816
205 339 224 402 s
326 290 462 401 nore
486 332 535 396 tu
559 329 838 398 urrsrotsrt
861 333 895 395 r.
920 330 956 394 r.
979 330 1137 399 srsrrt

205 459 366 534 plisVirqilii
381 471 408 513 st
419 458 538 510 Homeri.
550 457 661 510 Nullum
672 453 756 509 slinm
768 474 877 510 sensum
887 454 951 510 hnic
962 455 1024 510 loco
1035 457 1145 511 subesse
1156 474 1258 529 posse,

204 554 278 614 petet
287 560 320 593 ex
329 551 564 612 responsopoette:
576 537 658 590 verba
668 550 771 604 nutem,
784 535 875 606 «Quid
885 538 956 590 enim
965 556 1085 610 quoque,
1097 551 1168 590 ctu·
1179 536 1256 591 hunc

205 620 280 674 nnllo
295 618 375 673 modo
390 618 523 671 efficiunt:
538 618 676 688 scripsisse
688 617 759 669 enim
773 614 866 669 debuit
878 615 913 668 sd
925 616 996 669 hunc
1010 617 1141 669 formamz
1159 615 1257 685 sQnid

206 702 295 754 enimi
315 697 384 751 Men‘
402 700 560 750 auctoritate
579 695 643 750 levis
660 713 767 767 quoque
784 709 810 748 et
825 697 970 768 nugatoriis
989 694 1112 748 editionis
1131 697 1257 762 onerosi,

206 799 290 852 quum
302 776 389 831 adhuc
402 796 453 850 pro
464 774 602 829 Thebaide
614 793 685 841 mes,
700 777 818 848 quamtis
830 794 872 829 me
884 773 1034 847 reliquerit,
1047 776 1165 829 timeoi·
1181 778 1257 841 Hoc,

206 863 327 933 inquam,
339 856 382 911 vel
394 857 447 911 tale
459 855 561 929 aliquid
571 855 668 910 dixisse
680 853 788 918 debuit;
800 853 969 928 locus-igitur
978 857 1035 908 sine
1047 852 1132 907 dubio
1143 853 1257 908 mutilus

206 953 260 1003 est;
272 937 319 990 sed
329 956 385 990 non
397 936 478 989 ullius
490 937 597 1007 ingenio
610 933 712 1006 absque
723 934 848 987 codicum
858 935 931 989 MSS.
941 952 994 1007 ope
1005 933 1181 1007 supplendus.
1193 936 1259 988 littr-

206 1017 276 1073 thius
287 1019 411 1085 tentavit,
425 1016 511 1083 «Quid
522 1015 608 1068 enim?
619 1014 750 1069 Editionis
759 1032 868 1088 quoque
878 1018 1035 1069 anctoritate
1045 1014 1179 1067 onerari?-
1188 1012 1259 1067 mul·

205 1101 239 1151 tis
253 1097 407 1151 nominibus
421 1095 598 1161 refellendae,
614 1097 664 1147 nisi
674 1097 732 1165 jam
745 1093 873 1147 dixertm.
886 1093 1037 1147 Monendus
1049 1107 1138 1147 tamen
1149 1111 1192 1159 cs,
1204 1110 1258 1165 pro

205 1179 276 1252 quod
286 1178 373 1230 adhue
383 1177 491 1229 omnino
502 1175 553 1246 legi
565 1173 663 1227 debere
676 1192 756 1247 quom
763 1213 772 1240 ,
784 1173 812 1226 id
824 1187 878 1241 est,
890 1193 986 1248 quum:
1002 1172 1054 1226 hoc
1066 1171 1185 1245 postulet
1195 1191 1259 1227 sen-

206 1277 270 1311 sus:
285 1255 433 1310 simillimus
447 1252 511 1307 hnic
523 1253 600 1306 locus
616 1255 644 1304 in
656 1254 759 1325 praefst.
771 1253 817 1305 lib.
829 1255 875 1319 IV,
888 1252 936 1306 ubi
951 1251 1062 1306 eundem
1076 1250 1259 1323 objectionem

206 1335 293 1388 diluit.
307 1364 344 1378 -
358 1335 432 1405 Quod
447 1352 497 1404 pro
511 1350 663 1406 quanquam
678 1333 802 1403 usurpari
815 1331 941 1403 sumplis
958 1349 1013 1383 non
1028 1345 1132 1384 tanturn
1149 1331 1259 1385 serioris

207 1419 289 1469 utatis
301 1416 516 1468 demonstrarunt
528 1415 624 1464 Mutet.
637 1411 671 1464 nd
683 1411 780 1465 Catull.
796 1429 842 1478 22,
854 1431 881 1482 p.
894 1412 942 1475 36;
954 1413 1044 1465 Heins.
1056 1411 1092 1465 sd
1101 1409 1180 1467 orit.
1192 1412 1259 1464 fler.

211 1515 252 1567 17,
266 1496 310 1560 51;
325 1498 465 1547 Burmann.
480 1493 515 1546 ad
528 1492 609 1547 Anth.
622 1493 730 1560 Latii,
744 1509 805 1564 paq.
821 1491 882 1558 484,
894 1494 1005 1545 Temere
1016 1493 1097 1563 igitur
1107 1490 1259 1545 Markland.

207 1579 321 1628 correxit
331 1592 424 1647 quum.
444 1575 526 1626 lisso.

244 1764 269 1817 7.
290 1744 416 1816 Quamuis
428 1760 470 1794 me
481 1743 622 1815 reliquerit.
636 1743 721 1794 Nemo
733 1740 790 1795 hec
801 1756 926 1796 accurate
936 1744 1125 1816 interpretatus
1137 1753 1186 1796 est
1198 1744 1263 1798 llei-

158 1886 163 1894 ,
208 1827 299 1877 nesius
312 1826 340 1876 in
353 1822 473 1876 ineditis:
492 1821 659 1894 «reliquerit,
671 1824 689 1874 i.
702 1841 727 1874 e.
741 1826 826 1874 victua
840 1823 936 1876 fuerim
949 1824 978 1876 in
992 1823 1181 1876 committenda
1192 1840 1235 1877 es.
1246 1846 1259 1871 ι

209 1905 243 1956 Ν.
264 1906 410 1956 Heinsiusz
433 1902 543 1973 respicit
562 1901 596 1953 ad
611 1899 757 1973 pudorem,
773 1901 847 1974 qnod
862 1904 947 1956 victus
962 1904 1027 1969 fuit,
1047 1903 1110 1956 durn
1126 1904 1262 1957 recitaret.

209 1984 250 2037 cf.
264 1986 322 2055 ejus
335 1982 493 2035 Adversaris
506 1999 566 2053 paq.
575 1980 636 2051 591.
648 1981 809 2049 Gronovius,
821 1984 939 2054 quamvis
951 1983 1063 2036 eandem
1074 1982 1144 2036 hunc
1155 1996 1264 2037 senten·

208 2066 274 2117 tism
286 2064 437 2136 amplexus,
452 2060 552 2115 seilicet
568 2063 680 2116 Statium
694 2061 828 2115 desertum
844 2082 871 2116 se
886 2080 903 2115 n
916 2062 1052 2117 Thebaide
1066 2082 1122 2138 snu-
1132 2065 1263 2131 censitae,

210 2158 299 2197 tsmen
313 2142 428 2215 explicat
440 2142 482 2194 his
496 2141 602 2195 verbis:
621 2144 689 2194 «etsi
700 2144 756 2212 jam
771 2142 854 2215 edita,
865 2147 922 2215 jans
937 2144 1072 2218 publicata
1086 2146 1134 2211 sit,
1147 2156 1178 2197 ut
1188 2162 1264 2197 nunc

210 2241 271 2275 sero
278 2235 305 2274 et
312 2223 409 2274 frustra
416 2240 466 2292 pro
474 2219 519 2273 illa
527 2220 738 2273 timerevercar.·
747 2213 901 2294 delinquere
907 2225 1017 2295 proprie
1023 2223 1120 2276 dicitur
1126 2222 1162 2276 de
1169 2242 1264 2299 opere,

218 2302 284 2378 quod
298 2321 330 2355 ex
343 2301 467 2355 munibus
481 2300 587 2354 artificis
602 2302 654 2353 exit
667 2301 819 2356 absolutum
834 2316 859 2356 ct
873 2304 1031 2376 perfectum.
1047 2306 1131 2358 Hsso.

248 2493 289 2530 ιο.
307 2476 431 2546 Operibus
444 2477 496 2529 suis
509 2476 569 2529 stilo
580 2477 722 2529 remissiore
729 2477 882 2550 praeluserit.
890 2479 959 2532 Vide
969 2492 1056 2532 totum
1064 2477 1170 2532 locum:
1184 2478 1265 2533 «Nee

211 2558 353 2629 quisquam
370 2570 410 2609 est
429 2555 570 2608 illustrium
586 2569 726 2627 poetarum
741 2559 857 2630 quinon
875 2557 975 2631 aliquid
992 2558 1120 2634 operibns
1134 2557 1188 2611 suis
1202 2558 1265 2613 stilo

129 2670 132 2675 ‹
210 2638 361 2690 remissiore
377 2635 556 2707 preluserit.·
572 2635 649 2689 Clare
671 2652 846 2709 opponuntur
858 2638 934 2692 stilus
948 2639 1076 2692 remissior
1090 2653 1118 2692 et
1132 2658 1229 2712 opertu
1243 2640 1267 2693 si

210 2716 292 2786 igitur
306 2716 344 2766 sic
361 2715 498 2786 scripserit
513 2714 625 2780 Statius,
638 2714 667 2766 hi
679 2714 809 2768 Silvarum
822 2716 882 2769 libri
896 2736 952 2769 non
965 2720 1035 2770 inter
1048 2737 1126 2792 opero
1137 2718 1267 2773 tenendi

211 2807 286 2860 sunt,
304 2793 351 2848 sed
367 2807 470 2847 tuntum
481 2793 647 2868 proelusiones
658 2809 721 2848 sunt
729 2816 855 2869 operum.-
869 2815 947 2869 opero
959 2799 1038 2869 igitur
1047 2800 1199 2871 significent
1209 2819 1267 2853 uto-

203 2877 266 2947 joru
278 2887 305 2927 et
313 2877 436 2947 praviora
445 2894 539 2948 opera,
553 2875 641 2947 qualis
651 2888 713 2928 sunt
722 2875 839 2929 Thebnis
851 2890 877 2930 et
886 2875 1025 2942 Achilleis3
1039 2880 1130 2950 inepte
1142 2893 1170 2932 et
1180 2878 1268 2943 falso3

211 2955 282 3025 lege,
293 2956 338 3027 qui
350 2974 402 3007 non
414 2955 518 3028 aliquid
527 2952 646 3026 operibus
657 2959 731 3008 seriis
740 2957 799 3011 stilo
810 2957 949 3011 remissiore
959 2958 1116 3029 praeluserit.
1124 2960 1185 3013 lem
1190 2959 1268 3014 vides

212 3037 411 3108 oppositionem
420 3037 489 3088 inter
497 3037 567 3089 seriis
577 3050 604 3089 et
611 3037 769 3110 proeluserit5
778 3052 872 3091 notum
881 3038 1168 3112 istudVirg.,Fael.Vll‚
1179 3056 1227 3111 17:

398 3133 526 3182 Posthabni
538 3147 616 3183 umen
627 3135 722 3183 illorum
731 3152 784 3185 ntea
792 3138 852 3184 seria
864 3136 927 3184 ludo.

212 3241 290 3296 quem
298 3220 387 3275 locum
396 3222 660 3278 exscribitAnsonins
670 3224 828 3293 Mosells,v.
837 3227 903 3280 206:
915 3249 927 3274 ι
938 3245 1028 3280 ...sua
1038 3229 1107 3281 seris
1116 3225 1182 3280 ludo
1192 3229 1270 3281 Post·

211 3301 322 3355 hubet...
333 3325 345 3349 ι
358 3301 424 3356 Plin.
434 3321 476 3374 ep.
485 3305 545 3370 VII,
553 3322 585 3373 9:
601 3328 612 3350 ι
622 3307 672 3358 Fas
680 3319 720 3357 est
728 3318 754 3357 et
761 3306 878 3357 carmine
885 3306 997 3373 remitti,
1005 3325 1060 3358 non
1067 3305 1128 3359 dico
1136 3308 1270 3359 continno

212 3395 238 3434 et
245 3382 340 3454 longo,
351 3382 378 3433 id
386 3385 456 3435 enim
463 3382 568 3454 perfici,
577 3385 629 3436 nisi
637 3387 664 3436 in
672 3387 727 3436 otio
733 3424 743 3451 ,
751 3403 807 3436 non
814 3398 917 3456 potest,
926 3383 974 3437 sed
981 3384 1033 3437 hoc
1041 3398 1136 3456 argnto
1144 3397 1172 3438 et
1177 3383 1268 3438 brevi.

213 3462 285 3533 quod
301 3476 363 3536 spte
376 3462 555 3534 quantaslibet
568 3467 759 3535 occupationes
770 3483 902 3538 curasque
913 3465 1067 3536 distinguit:
1083 3463 1153 3518 lusus
1166 3482 1271 3519 vocen-

212 3555 272 3604 tur3
289 3541 336 3596 sed
350 3542 378 3594 hi
392 3542 460 3596 lusus
476 3562 530 3595 non
543 3546 673 3596 minorem
691 3544 823 3598 interdum
839 3545 965 3617 gloriam,
981 3565 1060 3618 quarn
1075 3547 1157 3615 seria,
1170 3563 1271 3599 conse·

212 3634 355 3692 qunmuru
367 3623 508 3676 Contrecte
518 3625 646 3696 scripturn
656 3625 706 3676 fuit
714 3614 816 3697 s'ii's'prn
825 3627 895 3679 seriis
899 3649 908 3689 ,·
919 3626 991 3680 unde
1003 3627 1109 3678 minima
1119 3627 1272 3677 mutatione

211 3700 275 3762 suis,·
284 3703 344 3772 pnri
353 3702 408 3753 fere
418 3702 500 3755 modo
508 3702 668 3775 depravatus
678 3703 753 3757 locus
762 3705 872 3758 Auctor.
884 3705 918 3760 tle
925 3708 1003 3760 Cuus.
1014 3718 1131 3777 corrupt.
1141 3703 1273 3778 eloquen-

212 3781 268 3846 tiis,
280 3798 339 3850 cap.
353 3798 401 3834 ποι
418 3781 603 3853 «traduntque
619 3785 731 3836 invicem
750 3804 781 3837 sc
800 3804 869 3858 sepe
886 3788 913 3839 in
930 3786 1049 3839 colonias
1068 3804 1099 3838 sc
1115 3785 1273 3856 provincius

213 3876 275 3911 suos
287 3859 420 3927 scribunt,
432 3865 487 3915 sive
499 3865 526 3914 in
537 3863 589 3915 suis
600 3864 698 3935 aliquis
712 3879 804 3935 arguta
817 3880 844 3918 et
854 3865 928 3919 brevi
941 3867 1072 3919 sententis
1086 3863 1204 3932 effulsit,
1216 3864 1274 3917 sire

212 3935 289 3990 locus
300 3942 430 4011 exquisito
443 3955 469 3994 et
480 3945 587 4014 poetico
600 3943 674 3995 cultu
686 3946 815 4007 enituit3·
830 3945 877 3998 nbi
887 3944 1020 3999 Acidalius
1032 3957 1059 3998 et
1069 3939 1275 3998 Freinshemius

213 4037 263 4089 pro
276 4019 302 4070 in
320 4021 370 4074 suis
384 4020 476 4092 legunt
492 4041 589 4087 sensus5
607 4026 680 4098 etqui
696 4024 749 4079 hoe
761 4044 817 4080 non
831 4029 894 4081 satis
908 4039 963 4095 est,
976 4027 1078 4099 qnippe
1089 4022 1165 4078 deest
1177 4038 1275 4098 oppo-
