2664 4816
123 372 162 451 rt
371 367 406 429 r.
430 365 467 429 r.
493 362 649 431 srlru
673 362 919 431 SILVARUM

165 500 267 563 Lecta
278 492 349 561 deae
361 491 457 560 sedes
468 519 477 576 3
489 515 553 560 nec
564 492 611 575 si,
623 506 736 583 pater,
751 491 825 585 ipse
836 506 979 559 teneres.
1140 504 1173 570 40

165 612 323 687 Pectora,
335 627 412 700 quae
423 602 543 671 mundi
555 602 689 671 valeant
700 601 855 672 evolvere
866 626 981 685 curas,

167 722 209 784 Et
220 725 295 810 quis
307 739 344 783 se
354 717 434 785 totis
445 717 589 783 Temese
600 712 695 783 dedit
705 712 827 783 hausta
837 711 1000 795 metallis,

168 832 199 896 It
209 843 304 920 tergo
316 825 462 895 demisse
473 825 628 920 eldamys
640 852 648 893 ε
661 825 751 894 latus
763 848 845 893 ense
857 826 972 925 quieto

167 943 348 1023 Securum,
361 961 506 1032 magnus
519 953 647 1032 quanto
657 959 822 1015 mucrone
833 938 983 1003 minatur

169 1050 330 1119 Noctibus
343 1047 557 1131 hibernis‚et
568 1046 678 1117 sidera
688 1062 793 1117 terret
803 1048 919 1114 Orion.
1143 1056 1175 1124 45

215 1165 258 1226 At
270 1161 420 1251 sonipes,
435 1159 571 1228 habitus
582 1160 783 1253 animosque
794 1159 944 1224 imitatus
957 1170 1149 1249 equestres,

170 1275 289 1338 Acrius
301 1268 425 1339 attollit
434 1270 565 1354 vultus,
579 1293 785 1365 cursumque
797 1271 963 1337 minatur:

169 1383 231 1448 Cui
242 1378 358 1473 rigidis
371 1397 462 1450 stent
472 1381 560 1450 colla
568 1379 677 1474 jubis,
688 1383 855 1476 vivusque
865 1405 928 1473 per
940 1402 1053 1447 armos

171 1497 340 1586 Impetus,
352 1510 387 1562 et
397 1498 499 1562 tantis
511 1493 699 1563 calcaribus
711 1493 771 1561 ilia
781 1492 849 1561 late

172 1606 360 1676 Suffectura
369 1624 499 1701 patent.
512 1613 636 1676 Vacuae
647 1632 710 1701 pro
722 1611 847 1699 cespite
858 1623 958 1674 terrae
1147 1613 1179 1666 ⁵0

171 1722 269 1785 AErea
280 1722 403 1811 captivi
416 1723 544 1788 crinem
556 1723 634 1789 terit
647 1718 775 1812 ungula
786 1717 906 1786 Rheni.

172 1829 273 1894 Hunc
286 1844 321 1896 et
331 1827 523 1897 Adrastaeus
536 1832 647 1898 visum
658 1831 868 1898 extimuisset
879 1828 1000 1910 Arion;

178 1943 220 2006 Et
232 1955 334 2031 pavet
344 1942 511 2033 aspiciens
524 1940 666 2010 Ledaeus
678 1942 721 2010 nb
734 1940 806 2010 oede
816 1942 1008 2034 propinqua

173 2047 349 2144 Cyllarus:
363 2050 420 2119 hic
431 2049 560 2120 domini
572 2077 750 2148 nunquam
762 2051 908 2120 mutabit
919 2048 1069 2117 habenas

129 2246 182 2299 Alii
193 2248 363 2316 conjecerant
373 2249 547 2319 pretendens,
560 2247 634 2320 quod
686 2310 688 2315 Ι
715 2247 757 2314 46.
767 2248 912 2301 Habitusa.
923 2247 1040 2297 imitatus
1052 2253 1184 2315 equestres.

130 2325 226 2397 legitur
236 2327 265 2377 in
276 2324 343 2377 cod.
357 2324 475 2377 Senensi.
494 2329 577 2377 Iliun.
678 2330 729 2378 Pro
740 2327 844 2378 habitus
853 2322 896 2378 ed.
906 2344 947 2397 pr.
960 2322 1054 2383 initus,·
1065 2341 1117 2394 pro
1131 2321 1188 2375 imi·

165 2406 209 2473 4ο.
227 2405 314 2456 Lecta.
326 2402 375 2456 Ed.
388 2424 428 2475 pr.
443 2404 511 2456 loeta.
679 2417 747 2458 tatius
754 2405 819 2457 Cod.
831 2409 904 2458 Uret.
913 2413 1035 2457 mutonis.
1044 2402 1188 2476 Equestris,

166 2487 210 2554 41.
233 2485 331 2537 Mundi
350 2484 459 2536 valeant
476 2483 594 2537 evolvere
610 2504 633 2537 c.
681 2485 754 2556 quod
763 2487 790 2537 in
799 2484 1005 2538 omn.libb.scr.
1013 2496 1041 2536 et
1048 2496 1116 2535 antt.
1126 2481 1187 2536 edd.

130 2562 197 2615 cod.
218 2562 293 2614 Leid.
312 2562 418 2615 valeant
438 2564 547 2624 mundi,·
568 2563 635 2616 cod.
681 2578 777 2627 ersten
792 2565 946 2628 Geranios,
965 2564 1054 2633 etqui
1072 2580 1136 2614 eum
1149 2579 1190 2614 se·

130 2645 205 2694 Uret.
217 2651 341 2713 pateant,·
353 2641 395 2693 ed.
406 2661 447 2712 pr.
461 2642 585 2695 deducere
593 2661 637 2694 cu·
682 2643 833 2715 quebantur
857 2654 1026 2695 mutaverunt
1056 2643 1084 2694 in
1109 2660 1191 2714 eque-

132 2740 189 2787 ras,
205 2720 320 2772 fortasse
333 2738 366 2772 ex
379 2721 470 2791 virgil.
486 2722 588 2775 AEneid.
603 2726 637 2790 V,
681 2734 750 2778 stres.
757 2725 799 2776 Sic
806 2722 944 2794 Haudqui
952 2722 1191 2794 recepitequestris.

133 2818 199 2873 720,
211 2799 266 2851 huc
277 2797 405 2851 delatum.
424 2802 508 2853 Hero.
718 2802 762 2868 48.
771 2802 859 2855 Vivus.
867 2801 918 2853 Pro
927 2803 1000 2854 vivus
1009 2798 1051 2854 ed.
1062 2803 1193 2873 princeps

168 2881 212 2947 42.
226 2881 263 2932 Et
270 2880 330 2953 quis
341 2898 365 2933 se
377 2881 436 2934 totis
446 2880 550 2934 Temese
559 2881 637 2933 dedit.
683 2882 791 2932 nimius.

133 2960 200 3013 cod.
209 2962 284 3012 Uret.
295 2960 373 3032 etqui
381 2977 407 3012 se
416 2961 475 3013 totis
484 2960 581 3013 tlemes
588 2960 640 3012 edi·
719 2960 866 3014 51.Criaem
876 2963 945 3013 terit.
954 2962 1005 3013 l'ra
1012 2963 1113 3014 ariam
1120 2957 1194 3013 cod.

133 3039 265 3102 ditredit.
277 3059 319 3111 pr.
330 3052 356 3093 et
367 3057 424 3112 qua
434 3058 460 3094 se
472 3043 530 3094 totis
544 3039 640 3092 themes
684 3044 758 3093 Uret.
774 3041 887 3102 arimenr
905 3059 1014 3107 omnes,
1028 3058 1098 3112 qnos
1113 3041 1194 3108 novi,

133 3119 497 3193 edtdtr;etiam1³arm.qaae,·
509 3121 552 3173 ed.
562 3124 639 3172 Rom.
685 3118 770 3172 Codd.
782 3119 902 3190 prebent
915 3121 987 3194 tegit.
1007 3121 1091 3172 liano.

135 3197 247 3270 etreliq.
255 3216 348 3250 omnes
356 3201 541 3253 anteGronov.
550 3202 642 3274 etquis
722 3199 765 3252 52.
784 3199 938 3253 Adrasteus.
954 3199 1019 3253 (lod.
1034 3199 1116 3252 Dralr.
1134 3199 1196 3253 Aa:

135 3297 161 3333 se
175 3278 235 3335 toris
249 3279 374 3346 themese,
388 3279 430 3332 vel
444 3281 549 3334 Temese
560 3281 639 3333 dedit.
685 3292 765 3342 steus;
777 3279 841 3332 edit.
854 3300 895 3352 pr.
907 3283 1044 3343 Aconteusr
1058 3279 1124 3335 edit.
1134 3280 1195 3333 vic.

136 3359 307 3426 Veenhusen,
315 3359 640 3414 eteuisetotiesT.d.Cod.
686 3359 836 3421 Adrastrus,·
850 3363 1014 3413 recentiores
1025 3360 1096 3413 male
1107 3358 1198 3413 Adra·

135 3440 210 3494 Leid.
225 3442 338 3502 themse5
352 3440 416 3493 inde
430 3440 464 3493 ab
480 3440 577 3493 Aldina
591 3442 642 3493 Te·
687 3449 780 3493 stoeur:
798 3452 838 3492 est
852 3441 924 3492 enim
936 3438 1091 3511 'Alpinius
1110 3442 1197 3495 Earn.

137 3539 212 3575 mese.
222 3522 305 3574 Hane.
316 3520 410 3572 -Cui
420 3521 527 3586 relatis,
541 3532 591 3572 eto.
603 3519 643 3572 le·
687 3519 875 3573 -Adrasteus
886 3518 970 3573 edidit
983 3520 1071 3572 Hand.

137 3603 209 3673 gitur
220 3605 248 3655 in
261 3600 318 3655 edit
326 3601 413 3653 Hand.
424 3606 457 3653 A.
725 3598 768 3652 53.
789 3601 895 3652 Ledaeur
912 3601 945 3652 ab
962 3602 1016 3652 a’de
1032 3600 1198 3674 prupiaque.

175 3679 218 3746 43.
237 3682 264 3733 It
282 3692 352 3755 terqa
366 3679 483 3733 demissa.
499 3680 566 3733 cod.
581 3681 641 3733 Sen.
687 3682 796 3752 Antiqq.
816 3679 879 3733 edd.
896 3680 1010 3745 Ledeus,
1031 3683 1199 3733 recentiores

137 3770 165 3811 et
178 3767 256 3831 terqo.
268 3762 350 3813 Hune.
360 3789 397 3803 -
408 3759 498 3812 Editio
519 3761 643 3832 princeps
689 3762 805 3826 ladani,
816 3773 843 3812 et
853 3776 934 3814 reete.
946 3763 1065 3814 Henn-
1073 3761 1146 3814 Edit.
1157 3781 1200 3834 pr.

140 3852 167 3893 et
179 3852 250 3914 terya
264 3840 375 3893 dimissa.
688 3842 722 3892 ab
736 3859 780 3893 ore
791 3843 977 3914 propinquum.

176 3919 220 3986 44.
229 3921 346 3993 Maqnus
352 3933 450 3993 quanto
459 3940 494 3972 m.
504 3920 564 3972 Cod
571 3920 644 3973 Leid.
728 3920 770 3988 54.
784 3922 907 3974 Mutabit.
916 3924 1067 3974 Bernartius
1076 3921 1202 3991 fidenter,

140 4012 371 4074 mqmsquaatus
378 4021 413 4055 m.
421 4000 594 4054 lirun-Ed.
603 4021 644 4074 pr.
690 4016 720 4054 ut
731 4004 779 4069 ait,
791 4005 905 4055 correxit
915 4002 1041 4069 mutabit,
1051 4017 1136 4076 atque
1146 4024 1203 4056 orn·

143 4083 257 4154 maana,
268 4096 297 4134 nt
310 4096 386 4135 antea
401 4082 471 4137 lacus
481 4103 530 4154 pro
544 4082 619 4137 latus.
692 4101 739 4136 nes
751 4082 865 4136 editores
880 4083 1038 4155 probarunt.
1054 4086 1113 4156 Ego
1126 4086 1203 4138 resti·
