2664 4816
349 372 943 455 nscsurtomsrmronis.
1098 363 1173 457 'xix

146 511 267 574 eorum
277 519 551 592 sumptum,⁴recte
559 511 664 570 vocari
676 511 776 593 possit
786 507 871 571 Silva
876 556 886 585 ,
899 509 931 571 ld
945 522 1005 588 est,
1020 512 1173 575 mdisad-

145 607 245 670 bucet
255 606 403 669 inchoata
412 609 555 668 materies
561 605 636 689 justi
653 609 820 690 poematii,
834 607 920 689 quod
932 621 1024 690 poeta
1032 608 1071 671 de
1082 613 1173 694 Equo

145 705 316 766 Domitiani
327 715 525 785 conceperat,
536 702 613 765 adeo
625 718 660 765 ut
672 704 696 764 si
705 724 808 764 versus
818 702 889 763 illos
900 703 1002 764 subito
1015 705 1117 766 calore
1128 708 1174 768 ef·

145 800 225 863 fusos
235 799 350 862 deiude
360 800 399 860 ad
409 799 554 861 incudem
563 821 710 861 revocans
717 802 815 882 magis
823 800 1175 883 polivissetpoeta‚tuno

146 897 223 961 Silva
248 918 313 960 esse
330 895 504 971 desiissent,
522 909 552 957 et
568 895 703 957 absoluti
722 898 873 980 poematis
890 916 1008 958 nomen
1026 897 1176 959 obtinuis-

144 1012 217 1059 tent.
241 998 284 1058 Et
293 996 356 1059 hoc
370 1018 462 1058 sensu
475 995 571 1057 Silvas
583 997 698 1078 accepit
710 997 869 1074 Sidonius,
881 997 958 1057 dum
970 1018 1020 1058 eas
1034 999 1176 1058 Materies
1190 1033 1194 1041 .

146 1094 288 1179 appellat
307 1094 381 1178 Ejus
392 1095 487 1156 verba
501 1108 574 1155 sunt
591 1096 624 1154 in
637 1093 693 1155 fin.
709 1096 811 1155 Carm.
828 1115 884 1170 22,
900 1095 1021 1154 ulstam
1034 1093 1175 1177 liquide,
1222 1107 1225 1111 ’

147 1195 265 1278 inquit,
285 1206 370 1277 patet
382 1192 465 1254 nibil
478 1193 517 1254 de
530 1196 652 1275 Papinii
666 1193 763 1254 nostri
779 1192 901 1253 Silvulis
914 1192 1079 1270 lectitasse,
1100 1214 1177 1274 quas

148 1313 252 1355 omnes
265 1292 487 1374 descriptiones
499 1293 548 1352 vir
566 1292 618 1352 ille
632 1291 933 1374 prejudicatissimus
949 1312 1016 1353 non
1028 1290 1176 1351 disticho·

148 1409 214 1451 runi
227 1403 284 1450 aut
295 1388 545 1450 tetrastichorum
558 1390 681 1470 stringit
692 1389 855 1470 angustiis,
872 1387 923 1449 sed
941 1390 1044 1470 potius
1056 1387 1176 1462 multis,

148 1488 317 1570 iisdemque
328 1490 491 1570 purpureis
504 1488 648 1548 locorum
660 1489 877 1547 communium
892 1488 1005 1568 pannis
1021 1486 1113 1547 semel
1130 1488 1177 1546 in-

149 1583 263 1649 choatus
277 1587 428 1658 materias,
441 1583 582 1644 decenter
595 1583 740 1643 extendit.
753 1609 768 1638 n
784 1584 858 1643 Haec
868 1582 929 1642 ille.
949 1585 1002 1642 Est
1011 1604 1083 1664 ergo
1096 1581 1177 1644 Silua

147 1681 280 1756 Latinis,
298 1680 384 1761 quod
402 1681 526 1761 σχέδιον,
546 1692 577 1740 et
592 1681 738 1760 σχιδίασμα
755 1679 885 1757 Graecis,
903 1680 947 1739 ita
961 1681 1045 1739 enim
1061 1680 1107 1739 illi
1121 1701 1178 1740 vo·

149 1790 234 1854 cant,
250 1776 405 1858 quidquid
421 1790 694 1859 extemporaneam
705 1797 741 1835 ac
752 1775 939 1835 subitarium
951 1774 1108 1852 scribitur,
1121 1798 1178 1837 uec

150 1872 249 1934 adbuc
259 1875 332 1934 satis
343 1871 477 1955 politum
488 1894 522 1934 ac
532 1872 702 1956 perfectum
711 1884 773 1933 est:
785 1869 860 1934 binc
869 1872 1016 1956 σχιδιάζιιν
1026 1886 1178 1956 usurpant

152 1993 207 2054 pro
219 1985 396 2055 extempore
408 1968 527 2053 aliquid
539 1971 648 2032 dicere.
661 1997 676 2028 n

176 2211 274 2275 Nunc
291 2222 406 2274 autem
425 2224 598 2300 superest,
621 2224 660 2275 ut
682 2205 875 2276 Marklandi
895 2207 1178 2292 Emendationes,

135 2326 214 2420 qu'as
224 2326 350 2394 suturis
365 2330 533 2397 Suvsnuu
545 2326 729 2395 editoribus
741 2330 777 2396 in
788 2345 985 2396 contextum
1000 2327 1180 2398 admitten-

135 2442 189 2513 dus
200 2449 380 2539 posteriori
391 2470 473 2514 cura
485 2449 734 2530 transmiserat,
748 2471 810 2539 ego
823 2451 965 2516 seorsim
977 2465 1010 2516 et
1019 2448 1180 2540 singulari

135 2566 245 2634 tabula
256 2567 445 2635 exscribam
458 2592 465 2633 :
478 2592 559 2635 uam
573 2586 847 2662 quantacumque
859 2594 936 2637 mea
948 2571 1095 2638 fueritin
1108 2572 1181 2637 viro

136 2686 326 2757 doctissimo
343 2689 465 2758 fiducia
482 2707 516 2757 et
531 2693 635 2757 animi
652 2691 874 2785 obsequium,
891 2708 930 2758 ut
945 2691 1047 2760 modo
1062 2692 1181 2785 prefa-

137 2810 231 2876 tionis
244 2808 347 2903 hujus
359 2812 454 2877 initio
466 2811 662 2902 profitebar,
673 2807 925 2878 emendationes
937 2828 1050 2877 tamen
1063 2834 1181 2877 omnes

137 2932 246 2996 statim
258 2946 292 2996 et
304 2934 375 2996 siue
387 2929 529 2997 consilio
541 2932 689 3022 recipere
701 2954 771 2997 non
785 2955 888 2998 ausus
902 2956 994 3013 sum,
1011 2935 1114 2998 immo
1127 2933 1182 2998 vix

137 3069 235 3112 unam
249 3063 283 3113 ot
295 3047 436 3114 alteram
448 3023 561 3140 selegi.
580 3049 745 3142 Equidem
758 3048 801 3116 de
817 3049 922 3117 literis
939 3051 1027 3118 male
1044 3054 1182 3118 meritu-

138 3166 499 3261 iussidebar,si,quas
510 3169 819 3259 Manuscriptorum
830 3185 863 3235 et
873 3171 1078 3262 optimarum
1089 3170 1181 3237 editt.

139 3279 230 3365 fides,
246 3299 295 3366 et,
309 3301 347 3351 ut
358 3288 403 3350 ita
416 3280 543 3368 dicam,
565 3301 720 3352 senectus
735 3286 926 3353 veneranda
942 3288 1124 3355 tuebuntur
1140 3286 1185 3354 le-

140 3404 276 3488 stiones,
293 3429 355 3496 ego
366 3408 468 3471 unius
485 3403 678 3473 Marklandi
691 3410 887 3476 auctoritate
898 3426 1028 3492 motus,
1041 3409 1115 3476 loco
1128 3407 1185 3501 eji-

140 3545 244 3592 cerem
256 3548 297 3592 ac
307 3543 435 3592 temere
446 3524 682 3594 disturbarem.
708 3532 814 3597 Satius
831 3530 983 3621 profecto
995 3530 1095 3611 duxi,
1113 3555 1184 3596 rem

141 3664 271 3712 omnem
288 3648 419 3713 Lectori
431 3648 563 3716 erudito
575 3647 827 3741 dijudicandam
839 3675 1046 3744 proponere,
1063 3676 1186 3744 quam,

141 3782 370 3858 praeoccupata
387 3764 460 3859 ejus
477 3771 655 3862 opinione,
674 3794 788 3836 meum
808 3770 1055 3866 qualecumque
1072 3773 1187 3839 obtru-

142 3879 214 3951 dere
228 3881 395 3976 judicium
413 3914 419 3952 :
442 3887 532 3954 malo
550 3891 639 3956 enim
656 3891 837 3981 ingenuam
854 3890 1065 3960 timiditatem
1084 3915 1186 3986 quum

144 4002 316 4093 superbam
331 4009 552 4075 temeritatem
568 4009 648 4075 mihi
662 4010 866 4101 exprobrari.
