2664 4816
465 360 725 428 inmaturo.
781 338 785 345 '
1026 377 1127 443 xxxix

69 490 181 568 dulgere
190 493 222 547 in
232 488 302 546 locis
313 507 375 566 qne
388 488 480 546 tribuo
491 489 535 547 vel
547 502 667 566 qrratuor
680 490 774 547 modis
786 492 885 571 refingi
897 502 1022 573 possint:
1037 520 1125 579 quum

68 603 97 640 cn
107 583 167 641 solo
180 602 236 662 pru
248 584 333 639 nertin
343 581 462 639 babeam
473 582 509 638 nd
523 602 584 660 qna
596 601 668 639 unus
679 596 787 640 tantum
799 599 842 641 est
851 585 951 646 aditus.
963 594 990 647 Si
1004 595 1073 670 quid
1083 606 1125 651 ia.

67 696 130 734 men
143 675 306 752 hujusmodi
322 675 475 747 incideret,
489 675 539 731 fidi
558 676 680 733 Editoris
695 691 753 734 erat
767 682 910 735 lectorem
926 701 1056 752 monem
1073 706 1126 746 nec

65 788 179 828 mre
196 768 303 838 colum,
317 768 368 824 sed
384 781 413 824 et
431 769 587 825 remedium
605 781 729 827 tentare:
746 788 798 828 nce
813 775 889 828 enim
905 773 1038 835 ferendus
1051 793 1124 838 esan

65 865 190 923 meditus
198 867 249 942 qui
260 875 365 940 aegroto
376 874 485 921 tantum
496 863 616 936 diceret,
627 876 736 939 egrotus
747 885 787 935 es,
800 865 906 943 absque
917 867 1047 927 ulteriore
1057 892 1136 930 curn·
1199 940 1202 945 ¹

63 972 111 1014 ant
127 972 232 1015 conatu
247 975 313 1012 enm
331 956 457 1013 unandi.
474 958 591 1013 Tentavi
609 959 717 1032 igitur:
734 968 763 1013 et
781 959 922 1016 interdum
941 960 1014 1019 forte
1025 982 1125 1024 vnum

62 1051 121 1108 vidi
131 1076 139 1118 5
151 1053 271 1128 sepius,
282 1051 392 1127 opinor,
403 1053 525 1127 peccavi.

98 1245 142 1297 De
152 1242 218 1318 ipio
227 1222 312 1296 sntio
320 1241 415 1295 omnia
426 1250 493 1295 sunt
502 1236 630 1313 vulffltae
644 1256 697 1293 neo
708 1238 861 1315 quidquam
874 1239 961 1297 hnovi
973 1243 1039 1299 abui
1048 1286 1057 1316 ,
1068 1246 1123 1302 nin

61 1331 257 1389 utrefellerem
267 1334 429 1408 opinionem
440 1349 603 1407 magnorum
612 1332 738 1386 virorum
746 1334 797 1407 qui
806 1343 933 1389 statuunt
943 1354 1010 1391 eum
1018 1339 1124 1394 victum

61 1426 148 1483 fabra
162 1427 192 1482 in
204 1430 300 1502 Agone
311 1423 466 1502 Capitolino
478 1426 508 1478 in
519 1425 716 1480 commissione
726 1424 883 1482 Thebaidos
896 1444 967 1482 suoe:
983 1429 1059 1504 quod
1071 1448 1123 1487 nec

60 1524 213 1579 minimum
229 1521 479 1578 verisimilitudinis
492 1519 610 1591 habere,
629 1539 681 1576 nec
694 1519 731 1577 ab
750 1538 848 1576 eorum
863 1527 1040 1599 Argumentis
1054 1546 1122 1603 pro·

60 1613 141 1686 bari,
153 1615 243 1671 doceo
258 1614 294 1670 ad
307 1613 418 1690 Epiced.
437 1619 506 1669 Patr.
527 1616 590 1668 231.
606 1618 647 1691 De
660 1616 757 1686 inproip
772 1626 799 1668 et
816 1625 942 1686 tumore,
956 1635 1018 1693 qna
1034 1621 1122 1679 &atio
1222 1620 1225 1627 '

60 1726 136 1785 sarpa
145 1707 327 1784 objiciuntur,
339 1709 430 1784 aptior
438 1710 491 1762 erit
502 1705 573 1762 alius
582 1705 702 1761 dicendo
713 1703 798 1761 locus.
809 1704 953 1764 Notandus
965 1709 1056 1767 obiter
1066 1710 1126 1779 luit

59 1819 161 1856 eorum
174 1821 252 1857 error
268 1803 316 1877 qui
329 1799 444 1857 Sellium
458 1816 507 1855 seu
517 1800 659 1876 Epirotnm
670 1797 774 1855 iaciunt
785 1802 880 1856 Nostri
894 1806 1015 1869 Patrem
1031 1820 1121 1879 quum

59 1890 107 1948 illc
122 1893 205 1970 plano
219 1891 525 1970 fueritlieapolitanu83
540 1897 613 1948 Gens
628 1910 695 1947 vero
711 1893 840 1969 Pupinia,
856 1912 889 1948 ex
903 1892 980 1951 Velia
994 1899 1120 1953 Lucania

58 1985 177 2063 oppido.

98 2183 192 2233 Restat
205 2199 222 2234 a
237 2191 266 2234 te
282 2192 392 2256 petam,
410 2184 519 2248 Lector,
537 2192 568 2234 ut
582 2181 708 2254 ignoscas
727 2177 894 2254 longitudini
908 2186 1059 2251 liciarum,
1074 2185 1119 2239 cui

58 2268 209 2347 nliquoties
227 2271 299 2328 forte
318 2275 401 2328 nimis
419 2271 524 2327 indulsi
540 2269 590 2326 ubi
608 2290 658 2346 per
675 2290 705 2326 se
723 2273 869 2348 perspicua
887 2290 932 2327 res
946 2272 1009 2329 luit.
1031 2278 1120 2351 Atque

59 2366 170 2420 utinam
183 2364 375 2442 exemplorum
393 2382 528 2421 nummus
544 2362 641 2421 multis
659 2366 688 2420 in
707 2362 776 2420 locis
794 2365 1048 2422 circumcideretur.
1066 2366 1120 2425 dud

58 2456 134 2513 banc
146 2459 337 2533 garruliuoem
350 2478 414 2514 mor
429 2461 469 2532 (si
485 2455 557 2513 nihil
572 2455 745 2533 interpellat,
760 2469 787 2512 ct
799 2459 825 2512 ni
837 2457 1037 2514 eruditioribus
1048 2462 1118 2518 nuti

58 2549 216 2625 videbitur)
228 2551 416 2628 oompensabo
429 2551 563 2606 brevitate
575 2556 709 2605 Notarum
722 2562 749 2605 et
763 2550 994 2607 Emendationum
1008 2554 1037 2606 in
1052 2558 1117 2608 Pro·

57 2647 198 2719 pestium,
207 2648 253 2700 cui
260 2650 318 2721 jam
327 2664 414 2721 quum
425 2646 542 2698 maxime
553 2643 686 2699 incumbo
695 2667 701 2695 τ
711 2655 738 2697 et
747 2646 870 2719 proxima
879 2642 979 2698 loetnra
992 2642 1119 2700 excludet

58 2739 138 2799 Sinni
155 2724 299 2793 Thebaida
317 2750 345 2792 et
362 2736 530 2803 Achilleida3
550 2754 697 2812 quaecum
713 2735 802 2790 Libris
819 2740 888 2792 MSS.
907 2735 1018 2791 collutas
1036 2735 1118 2791 edere

58 2827 185 2885 destino:
200 2833 229 2887 in
242 2849 327 2908 qnam
341 2850 401 2886 rem
415 2835 487 2886 viros
503 2831 626 2886 eruditos
639 2842 765 2886 exoratos
777 2830 878 2900 velim,
893 2841 924 2884 ut
938 2831 1008 2884 milri
1024 2841 1117 2885 trans-

58 2925 168 2978 niiierc
178 2924 332 2999 dignentur
343 2927 366 2978 si
380 2924 448 2999 quid
460 2924 528 2976 huic
540 2926 684 2998 proposito
696 2922 908 2977 accommodum
923 2940 1008 2999 penes
1021 2941 1050 2977 sc
1064 2923 1117 2977 ha·

57 3015 154 3074 beant:
168 3019 287 3075 reddam
296 3022 404 3086 vicem,
417 3020 440 3073 si
452 3030 615 3095 reposcant;
628 3015 759 3084 reddam,
772 3029 800 3071 et
810 3019 833 3072 si
846 3036 902 3072 non
915 3029 1068 3093 reposcant.

93 3212 135 3266 ve
146 3210 256 3288 Virgilii
265 3211 396 3279 AEneidc‚
406 3209 574 3287 quibusdam
586 3211 615 3264 in
628 3207 694 3265 locis
709 3211 861 3286 (praecipue
871 3229 898 3286 p.
909 3211 980 3279 302,
991 3207 1042 3264 col.
1053 3212 1115 3285 1¹),

56 3299 170 3360 liberius
184 3323 271 3381 quam
283 3325 345 3361 mos
358 3318 413 3374 est,
426 3306 555 3381 opinatus
571 3322 641 3358 sum.
658 3307 746 3378 liujus
760 3304 898 3378 opinionis
913 3303 1056 3358 audaciam
1069 3322 1115 3358 ex-

56 3411 140 3472 pavet
156 3399 283 3455 eruditus
296 3399 410 3477 quidam
424 3401 531 3453 amicus
547 3416 643 3451 meus:
662 3401 741 3472 cujus
755 3415 852 3466 causa,
867 3411 894 3452 et
910 3410 940 3452 ut
957 3397 1032 3474 quod
1050 3416 1114 3451 cen·

57 3513 105 3549 seo
119 3495 180 3550 sine
194 3494 358 3571 ambagibus
373 3493 531 3573 proferam,
545 3490 637 3547 addo:
652 3490 774 3547 Plurima
788 3511 847 3547 esse
861 3495 889 3547 in
904 3496 957 3548 isto
972 3499 1114 3562 poemate,

56 3604 135 3661 quar,
151 3588 175 3641 si
191 3605 243 3662 ego
255 3590 408 3665 (pessimus
424 3588 550 3642 omnium
567 3587 664 3658 Poeta)
678 3603 774 3640 versus
791 3586 953 3654 scriberem,
968 3583 1071 3639 nollem
1085 3588 1115 3641 in
1218 3646 1224 3665 ‚

54 3679 125 3733 meis
137 3681 277 3755 conspici:
293 3692 320 3734 et
334 3678 397 3735 lieet
408 3697 525 3734 numero
538 3676 648 3732 infinita
660 3673 730 3730 ultra
743 3676 870 3731 humanae
886 3679 1044 3732 imitationis
1057 3697 1114 3733 me-

53 3784 96 3828 tas
108 3775 137 3827 in
151 3771 199 3828 illo
213 3776 370 3842 emineant,
386 3770 520 3829 nonnulla
531 3785 624 3827 tamen
638 3782 702 3824 sunt
712 3771 938 3839 contradictoria,
953 3769 1038 3826 multa
1053 3770 1112 3826 lan-

86 3982 94 4003 ⁸
112 3973 174 4021 Vide
184 3975 244 4021 inira
255 3975 301 4022 boc
310 3972 357 4021 vol.
368 3989 421 4037 pag.
432 3972 478 4020 ⁶53
489 3983 513 4019 et
521 3973 677 4033 Posteriptum
687 3970 766 4032 pagin.
776 3983 825 4031 aeq.
