2664 4816
467 364 721 431 rumrrrro.
955 447 960 457 ‚
1056 398 1120 442 xxv

70 490 192 556 inheret,
204 500 232 543 et
241 497 365 543 mentem
374 490 501 544 Auctoris
511 501 538 543 et
548 493 664 566 vestigia
673 490 864 567 subsequitur:
878 496 945 571 quid
955 517 1021 555 vero
1031 501 1121 572 dices,

69 602 129 637 cum
143 583 285 637 inveneris
304 581 369 635 lecto
388 599 440 657 pro
449 583 545 655 sunm·
565 585 656 637 domur
668 583 723 637 alta
738 601 791 659 pro
809 588 897 642 Venus
913 591 985 645 alma
994 616 1004 655 ‚·
1023 617 1122 653 mensas

67 696 116 752 pro
131 678 261 748 nymphas
269 697 278 736 ,·
292 687 415 729 curvatus
427 694 480 751 pro
494 677 626 751 nudatum
640 680 705 731 bibit
717 697 769 754 pro
784 679 864 742 tutir,·
878 685 989 755 Ducite,
1002 708 1055 765 pm
1072 695 1122 746 Vi.

68 776 131 833 uite,·
144 774 260 826 Libertus
268 789 322 846 pro
330 770 476 833 Nouimus,-
486 786 546 846 post
556 774 667 824 crimina
673 773 771 844 fonnoe
779 792 832 849 pro
841 776 1007 842 discriminu-
1018 802 1123 840 carmen

67 870 125 921 uitoe
133 884 187 941 pro
201 865 295 918 limine
300 886 310 926 ,-
322 875 350 918 et
359 862 418 918 brec
427 865 521 918 omnia
533 865 610 939 (quae
622 863 718 919 itidem
728 882 761 919 ex
771 863 882 921 duobus
892 869 1033 943 prioribus
1045 873 1124 932 libris

65 960 192 1016 desumto
206 960 284 1031 sunt)
299 977 316 1012 a
329 959 398 1013 viris
415 959 509 1013 Doctis
524 969 572 1013 aut
585 960 760 1028 transmissa,
774 971 837 1028 aut,
855 961 930 1036 quod
942 980 1020 1040 aeque
1036 971 1123 1024 mira.

65 1055 154 1124 boris,
164 1052 280 1109 defensa
289 1063 316 1107 et
325 1049 474 1129 explicatu?
483 1050 559 1122 Quid
569 1050 702 1127 denique,
714 1070 801 1127 quum
809 1053 845 1107 ad
855 1052 902 1109 illa
911 1071 1035 1115 monstra
1044 1079 1125 1119 vene·

64 1152 119 1220 ris,
131 1151 268 1225 peroravit
280 1167 345 1202 curo
358 1166 411 1224 pro
425 1148 571 1208 decoravit,·
589 1150 689 1204 uadosoe
704 1148 803 1220 Africoe
815 1168 867 1225 pro
881 1152 993 1216 dolorm
1008 1160 1126 1216 Rustici„

64 1263 119 1322 pro
138 1245 268 1298 Troasin:
287 1243 419 1314 perpetuis
426 1242 505 1313 fastis
524 1258 577 1314 pro
591 1243 704 1295 centenis
713 1243 810 1315 fartim
828 1246 916 1320 Atque
934 1248 981 1300 tibi
994 1270 1128 1325 moresque

48 1349 124 1406 ‚tuos
137 1355 190 1412 pro
202 1337 300 1408 Meque
313 1335 416 1387 latirus
427 1352 560 1408 moresque
572 1343 628 1387 tuos
637 1355 646 1393 ,·
655 1334 728 1406 forsa
738 1352 792 1409 pro
805 1354 899 1409 campo
906 1359 916 1398 ,-
930 1341 1012 1397 oculis
1021 1362 1075 1419 pro
1088 1344 1127 1399 la-

66 1433 174 1491 crimis,-
192 1430 296 1483 iterum
312 1426 395 1480 oculis
410 1444 462 1501 pro
478 1429 561 1499 roqis,·
577 1439 658 1479 metas
673 1443 725 1500 pro
740 1437 856 1490 cunum
869 1429 949 1500 Sylva
962 1452 1016 1485 uua
1029 1454 1083 1511 pro
1101 1439 1130 1491 Si

66 1529 204 1599 conjum
215 1544 278 1578 vero
291 1532 376 1576 tecum
386 1538 438 1595 pro
448 1538 517 1574 verso
530 1518 628 1574 Plioebo
635 1544 645 1582 ,·
656 1531 698 1587 et,
710 1530 742 1573 ut
752 1537 808 1574 uno
820 1521 948 1599 exemplo
957 1529 1051 1583 omnia
1061 1548 1129 1605 por-

66 1615 338 1695 tentscomplectsr,
348 1614 431 1692 quid,
439 1631 526 1690 quum
536 1632 569 1670 ex
581 1613 657 1668 hisce
665 1612 776 1669 duobus
785 1614 928 1673 versiculis
939 1617 985 1674 lib.
997 1627 1033 1678 lv
1044 1623 1130 1681 Silva·

67 1731 250 1783 rum‚-carm.
263 1714 295 1782 3,
310 1727 360 1765 ro:

291 1834 335 1880 ilic
345 1833 421 1880 scenis
430 1830 513 1896 populi
523 1833 571 1880 viss
581 1843 686 1894 flavour

290 1905 319 1949 lit
327 1904 415 1966 campis
424 1905 469 1949 iter
477 1919 548 1950 omne
558 1902 702 1958 detinentes,

70 2040 106 2081 ut
114 2043 190 2080 nunc
198 2020 284 2098 vulgo
293 2020 432 2097 leguntur,
445 2030 472 2076 et
483 2040 499 2075 a
510 2022 577 2077 viris
589 2018 756 2076 doctissimis
766 2017 893 2096 explicati
905 2020 1033 2089 fuerunt;
1044 2044 1132 2101 quum

70 2139 106 2175 cx
118 2118 177 2188 bis,
194 2119 325 2192 inquam,
337 2113 433 2170 decem
448 2113 579 2197 vocibus,
591 2133 652 2182 sex,
668 2126 696 2169 et
707 2116 736 2168 iu
748 2111 889 2169 nonnullis
902 2114 1076 2173 Editionibus
1089 2137 1133 2174 se-

71 2223 149 2288 ptem
159 2209 326 2287 depravatas
338 2206 511 2285 probavero?
521 2206 678 2263 Habebisne
690 2206 788 2277 fidem,
800 2207 964 2276 bencenis
976 2209 1134 2268 miraculis?

73 2323 111 2358 an
121 2304 214 2381 potius
225 2313 338 2379 paratus
351 2302 405 2355 eris
417 2318 474 2355 non
486 2298 613 2369 credere,
624 2300 732 2355 etiamsi
744 2297 926 2355 credideris?¹

114 2489 204 2560 Atque
217 2484 272 2539 hoc
285 2483 348 2539 loco
362 2482 531 2538 destinaram
546 2480 650 2558 aliquid
668 2481 757 2537 dicere
774 2481 810 2536 de
824 2483 933 2537 Mendis
949 2486 1092 2551 Statiani53
1108 2501 1136 2543 et

75 2575 208 2655 exemplis
221 2596 254 2631 ex
265 2581 337 2632 MSS.
353 2588 380 2630 et
394 2560 515 2650 antiquis
528 2575 688 2633 auctoribus
700 2573 814 2651 prolatis
828 2578 963 2650 originem
976 2577 1136 2652 hujusmodi

75 2691 203 2727 errorum
222 2671 371 2745 detegere:
392 2669 441 2724 sed
459 2669 636 2724 diffundente
656 2688 685 2723 se
703 2667 784 2723 latius
803 2673 933 2738 materia,
953 2685 980 2726 et
999 2675 1026 2726 in
1046 2677 1136 2749 capita
1155 2727 1163 2741 ,

75 2768 156 2844 plura
170 2777 317 2841 surgente,
330 2763 502 2819 commodius
514 2766 604 2818 visum
619 2776 659 2818 est
671 2763 717 2816 bic
729 2765 872 2828 omittere;
884 2769 1035 2840 praesertim
1049 2786 1137 2844 quum

77 2866 109 2916 in
122 2863 202 2916 Notis
218 2858 400 2935 plerumque,
416 2857 528 2932 quando
541 2875 612 2932 opus
626 2869 680 2925 est,
698 2856 751 2910 hoc
766 2856 887 2911 facturus
905 2860 965 2913 sim.
985 2865 1090 2915 Interea
1102 2862 1138 2917 de

77 2957 238 3011 conditione
255 2955 355 3008 barum
369 2949 514 3028 Sylrarum
531 2954 570 3007 sic
584 2950 677 3006 habes
696 2953 793 3026 Scripti
811 2969 906 3005 earum
922 2952 1037 3008 Codices
1053 2957 1138 3010 raris-

80 3052 142 3104 simi
158 3060 239 3104 sunt:
252 3046 323 3101 duos
338 3044 436 3100 habuit
451 3045 576 3098 Bartbius
588 3045 692 3114 (ununr
707 3040 793 3097 literis
807 3040 971 3117 capitalibus
984 3059 1139 3117 exaratum,

79 3143 127 3217 qui
139 3144 248 3197 utinam
260 3141 406 3211 exstaret);
419 3139 509 3191 neutri
522 3155 620 3191 corum
632 3138 685 3189 nisi
698 3137 845 3210 perpaucis
856 3135 931 3190 boris
944 3140 983 3191 uti
997 3137 1036 3192 illi
1049 3138 1140 3213 licuit,

80 3247 194 3311 propter
205 3233 331 3288 flammas
344 3232 481 3286 mansioni
495 3234 554 3305 ejus
566 3232 678 3304 injectas
689 3252 696 3292 ς
710 3247 724 3282 e
737 3227 838 3302 quibus
852 3239 944 3282 tomen
957 3229 1065 3307 elapsos
1078 3231 1139 3289 illos

82 3331 237 3405 suspicatus
251 3329 316 3381 cst².
330 3323 421 3380 Alium
434 3323 529 3378 laudat
541 3328 634 3376 Justus
649 3318 861 3396 Zinzerlingius‚
876 3321 1011 3376 Promuls.
1024 3327 1139 3380 Critica:

82 3421 186 3490 alium,
205 3422 384 3495 Lipsianum‚
404 3418 560 3471 bernartius
580 3416 608 3468 in
630 3417 706 3468 Notis
726 3415 848 3488 passim:
871 3411 957 3467 aliurn
978 3414 1141 3473 Gebhardus

83 3519 177 3570 Curar.
194 3511 366 3569 iuvenilium
380 3509 427 3564 lib.
443 3515 485 3563 111.
504 3510 631 3563 Senensis
644 3525 710 3561 vcro
726 3517 752 3559 ct
764 3504 880 3559 Medicci
894 3509 1034 3580 Excerptis
1047 3509 1142 3565 uteba-

84 3623 130 3664 tur
144 3611 316 3670 Gronovius;
330 3619 357 3661 ct
368 3617 478 3682 postea,
495 3620 551 3658 uno
566 3604 679 3657 Joaunis
692 3600 806 3666 Rhodii,
819 3599 977 3663 chartacco;
991 3599 1078 3657 altero
1091 3608 1143 3657 Ar.

121 3802 128 3824 ¹
146 3796 206 3841 Vide
220 3794 280 3840 inira
296 3794 370 3857 hujus¹
376 3792 501 3839 voluminis
510 3806 556 3853 pag
576 3788 622 3846 did
632 3801 655 3834 et
665 3787 723 3844 446,
739 3787 780 3831 ιὼί
791 3789 864 3831 varias
879 3785 989 3831 lcetioncs
1000 3802 1022 3834 et
1032 3791 1144 3838 emenda.

88 3880 163 3924 tiones
173 3876 365 3923 [lectissimorum
376 3877 480 3920 virorum
491 3872 574 3919 relatos
584 3870 719 3931 diligenter,
730 3880 753 3912 ut
764 3879 872 3922 moseri,
883 3866 983 3912 discutit,
1002 3871 1044 3916 Eo.

121 3983 129 4004 ²
150 3997 159 4015 ι
169 3976 234 4021 lianc
244 3975 349 4022 nouum
360 3970 509 4019 Marklaudus
520 3988 546 4017 er
559 3969 701 4016 ddvcmn'is
711 3965 795 4012 barthii
806 3965 880 4025 petiit.
893 3986 902 4003 ι
921 3966 998 4010 brun.

184 4063 213 4126 I.
466 4061 470 4067 '
989 4071 1005 4113 s
