2664 4816
126 350 178 443 xvj
528 349 770 413 usurario

140 480 207 560 jam
226 478 265 536 ab
285 477 350 535 aliis
364 476 461 556 poetis
475 475 587 555 scripta
600 474 741 549 vidisset,
761 494 840 555 saepe
850 473 909 532 sibi
923 473 1094 534 cavendum
1108 495 1170 535 esse

146 574 290 657 putabat,
310 595 349 633 ne
369 575 401 632 in
420 572 579 652 vulgarem
597 571 727 631 modum
744 570 908 645 incideret,
931 571 982 631 sed
1003 571 1170 653 previden-

146 672 240 746 dum,
264 684 297 731 ut
314 690 397 730 nova
420 683 484 729 arte
508 670 694 749 antiquiores
715 681 880 751 superaret.
908 668 1000 746 Quod
1024 669 1078 728 ubi
1104 690 1170 729 non

147 768 237 828 firmo
255 767 373 828 indicio
391 766 569 827 moderatus
588 779 669 840 erat,
688 789 706 826 a
724 765 918 848 simplicitate
936 780 966 825 et
986 767 1102 825 sincera
1121 787 1170 826 ve·

147 878 267 926 nustate
287 865 437 924 sermonis
459 862 497 923 ad
521 862 697 923 affectatam
717 861 901 942 elegantiam
922 874 952 922 et
972 862 1171 935 insolentiam

147 962 312 1022 verberum
331 959 461 1021 deflexit.
484 962 568 1021 Dum
587 962 682 1041 igitur
699 959 739 1020 ad
758 959 840 1036 haec,
862 980 931 1040 quae
945 960 1067 1041 plenius
1081 980 1172 1041 expo·

146 1082 218 1121 nere
231 1080 287 1119 uec
302 1058 496 1139 propesitum
511 1055 587 1115 mihi
601 1071 644 1117 est
655 1055 717 1116 hec
730 1056 818 1131 loco,
835 1077 935 1136 neque
953 1059 1172 1133 necessarium,

147 1158 287 1218 animum
304 1153 447 1230 attende,
470 1168 500 1214 et
520 1154 613 1214 simul
634 1154 808 1227 considere,
830 1174 925 1234 quam
946 1173 1060 1233 magna
1079 1151 1174 1211 fuerit

146 1256 237 1338 culpa
246 1268 436 1337 temporum,
449 1273 518 1333 quae
530 1273 596 1313 nen
606 1253 708 1336 solum
720 1273 846 1312 merum
857 1251 980 1311 licentia
991 1250 1173 1331 depravata,

148 1354 201 1415 sed
216 1367 423 1435 tyrannorum
437 1364 520 1409 metu
533 1363 562 1409 et
575 1348 724 1410 adulandi
737 1349 868 1410 libidine
884 1361 1048 1429 corrupta,
1064 1369 1174 1428 usque

60 1526 64 1531 ⁴
148 1470 271 1532 quaque
284 1448 511 1529 impediebant,
526 1469 588 1528 que
600 1449 703 1508 miuus
717 1449 842 1529 ingenia
855 1447 950 1506 libere
962 1458 1172 1527 assurgerent:

73 1554 77 1559 '
149 1543 273 1626 singula
287 1544 424 1603 carmina
439 1543 637 1624 placuerunt3
654 1557 744 1624 atque
763 1546 827 1627 ipse
848 1557 956 1627 poeta,
979 1543 1033 1623 qui
1054 1563 1120 1602 nen
1139 1543 1173 1602 iu

148 1642 273 1726 primis,
290 1661 389 1720 neque
401 1641 435 1699 iu
446 1640 604 1716 secundis,
619 1640 670 1700 sed
684 1639 766 1699 infra
778 1640 929 1700 secundos
941 1641 1118 1722 proximum
1129 1638 1175 1698 le-

149 1760 219 1799 cum
234 1739 292 1799 sibi
305 1737 455 1815 vindicat,
468 1736 552 1798 haud
564 1737 777 1821 despiciendus
788 1735 867 1799 mihi
878 1739 959 1799 visus
971 1750 1047 1799 estu

131 1879 173 1942 Et
186 1874 287 1942 infra:

194 2024 208 2055 a
221 2001 255 2059 ld
274 1996 352 2059 mihi
369 2001 600 2060 inuniversum
619 2014 754 2076 constat,
774 2002 860 2061 Statii
878 2003 1018 2061 carmina
1031 2021 1098 2061 nou
1111 2012 1178 2059 tam

151 2109 297 2177 corrupta
308 2108 337 2155 et
349 2116 367 2153 a
379 2094 512 2155 librariis
524 2097 688 2176 inquinata
702 2117 776 2172 esse,
789 2117 884 2177 quam
900 2098 936 2156 N.
951 2096 1096 2156 lleinsius
1110 2095 1178 2155 alii·

151 2217 211 2276 que
225 2195 443 2254 existimarent.
457 2194 555 2253 Multa
568 2195 649 2254 enim
664 2195 747 2254 iniis
762 2215 828 2254 uon
841 2193 975 2254 aurificis
988 2207 1114 2268 statera,
1126 2192 1180 2253 sed

151 2293 287 2374 quadam
301 2292 447 2375 populari
462 2295 579 2353 trutina
591 2306 663 2353 sunt
674 2293 896 2353 examinanda:
912 2293 1010 2352 multa
1024 2294 1117 2353 etiam
1129 2314 1180 2352 ex·

151 2393 341 2454 cusationem
356 2391 472 2452 habeut
484 2391 678 2473 negligentias
695 2413 759 2454 nen
777 2414 895 2476 semper
911 2394 1049 2472 ingratae.
1069 2392 1180 2452 Subito

152 2488 306 2549 scribendi
322 2487 444 2548 fervore
463 2488 575 2547 Statius
596 2487 694 2548 multa
714 2487 864 2564 effundit,
886 2509 955 2570 quse
977 2488 1181 2568 ambiguitate

151 2585 351 2668 displiceant,
371 2585 439 2644 aliis
456 2587 490 2644 iu
507 2585 583 2646 loeis
601 2586 748 2646 obscurus
761 2585 813 2662 fit,
837 2588 869 2646 in
891 2587 959 2645 aliis
979 2585 1125 2659 humilis;
1147 2586 1182 2644 in

151 2683 292 2764 plurimis
310 2682 536 2764 simplicitatem
557 2685 778 2744 sententiarum
797 2683 917 2744 tumida
936 2697 965 2742 et
983 2695 1092 2765 arguta
1111 2703 1183 2742 ora-

152 2782 239 2839 tione
256 2781 437 2861 corrumpit.
458 2781 606 2840 Praeterea
625 2783 657 2840 in
676 2782 812 2840 dictione
830 2800 896 2839 non
916 2800 1014 2861 pauca
1033 2766 1182 2853 novarit,

153 2890 207 2937 aut
221 2877 260 2937 ab
275 2877 343 2936 aliis
358 2891 472 2937 novata
488 2880 619 2958 aceepit3
633 2899 703 2958 quae
719 2879 743 2936 si
760 2898 777 2935 a
795 2877 910 2957 linguae
922 2877 1040 2936 Latinae
1053 2877 1182 2957 iugenio

154 2995 220 3035 non
247 2995 371 3056 prorsus
397 2972 602 3047 abhorreant,
624 2974 802 3056 longissime
823 2996 841 3033 a
858 2975 985 3033 veritate
1007 2973 1184 3051 aberrabit,

154 3073 261 3151 quiea
279 3072 319 3132 ob
338 3074 438 3154 ipsam
458 3073 617 3133 raritatem
637 3071 785 3132 mutanda
805 3072 965 3132 censuerit.
979 3097 992 3127 u

134 3209 224 3270 Tum
239 3201 400 3298 denique:

197 3355 211 3384 a
224 3330 351 3389 Etiamsi
374 3331 407 3389 in
427 3330 475 3390 his
495 3332 685 3391 carminibus
701 3332 807 3394 multae
825 3332 948 3393 dicendi
967 3333 1110 3393 formulae
1132 3353 1185 3392 ec·

154 3440 284 3485 currunt
298 3427 337 3485 ab
352 3426 421 3486 aliis
435 3449 561 3508 queque
575 3442 664 3488 autea
680 3443 850 3512 usurpatae,
865 3452 923 3490 nec
936 3429 1046 3489 desunt
1059 3429 1128 3488 loca
1142 3429 1185 3488 ad

154 3521 329 3603 exemplum
341 3522 464 3603 Virgilii
479 3537 509 3583 et
522 3526 640 3584 Lucani
652 3524 864 3601 conformata,
878 3540 982 3586 tamen
995 3546 1186 3606 magnopere

154 3618 347 3697 falleremur,
359 3622 384 3681 si
397 3624 505 3681 omnia
516 3645 566 3698 ea,
579 3644 649 3704 quae
658 3625 696 3683 ab
707 3625 774 3685 aliis
784 3625 1000 3708 scriptoribus,
1010 3637 1064 3684 aut
1074 3623 1184 3683 iisdem

154 3718 273 3794 verbis,
292 3734 347 3779 aut
366 3720 518 3780 similibus
539 3743 676 3803 expressa
698 3722 1010 3806 deprehenderemus,
1032 3721 1185 3781 contiuuo

155 3816 340 3903 imitationis
352 3820 481 3880 nemine
494 3817 533 3878 ad
543 3818 600 3880 hos
612 3822 789 3881 inventores
800 3821 992 3882 referremus.
1006 3822 1067 3879 Nec
1079 3819 1187 3900 vulga-

156 3933 220 3973 rem
240 3914 383 3974 imitandi
401 3916 532 3977 modum
550 3918 689 3998 sequitur
702 3918 831 3992 Statius,
846 3917 897 3978 sed
912 3919 968 3978 ubi
983 3917 1117 3977 aliorum
1131 3936 1185 3974 ve-

154 4012 251 4093 stigiis
268 4013 397 4089 ussistit,
417 4016 518 4098 ipsum
538 4018 689 4077 incessum
708 4016 819 4078 callida
833 4030 899 4077 arte
912 4017 1004 4088 celat3
1024 4035 1087 4094 que
1106 4034 1186 4093 saepe
