2664 4816
431 384 573 456 LIBER
597 387 633 469 I,
656 385 857 454 CARMEN
882 390 908 453 Ι.
1159 392 1196 456 13

192 519 254 606 Qui
267 517 378 585 fessus
389 513 502 598 bellis,
513 512 651 584 adscitae
664 537 808 582 munere
821 511 941 607 prolis,

193 631 322 697 Primus
336 629 402 694 iter
412 629 538 695 nostris
550 624 697 695 ostendit
708 629 744 693 in
756 624 883 695 aethera
893 625 990 693 divis.

191 741 337 810 Discitur
348 738 477 807 e'vultu
489 754 656 834 quantum
667 753 707 805 tu
717 739 832 805 mitior
843 738 965 820 armis3
1163 751 1197 803 25

191 853 253 939 Qui
265 873 329 918 nec
341 851 377 916 in
389 865 546 917 externos
559 847 666 916 facilis
678 850 796 916 saevire
806 846 940 915 'furores

190 967 255 1030 Des
266 962 371 1029 settis
383 962 551 1056 Dacisque
564 958 667 1027 fidem
679 986 688 1028 :
701 975 735 1028 te
746 962 843 1052 sigua
853 960 983 1031 ferente

190 1072 231 1139 Et
240 1072 353 1138 minor
364 1072 402 1138 in
413 1068 504 1163 leges
516 1073 580 1139 iret
591 1094 708 1162 gener,
720 1087 755 1138 et
764 1074 847 1140 Cato
858 1071 988 1138 eastris.

188 1186 231 1248 At
241 1177 387 1247 laterum
399 1203 520 1272 passus
532 1180 613 1249 hinc
624 1180 716 1250 Julia
727 1196 817 1250 tecte
826 1197 982 1266 tuentur3

106 1307 112 1322 ·
190 1290 288 1360 Illinc
299 1290 453 1384 belligeri
465 1291 619 1360 sublimis
630 1295 723 1386 regia
735 1291 841 1361 Pauli.
1162 1310 1197 1363 3⁰

188 1405 298 1496 Terga
308 1419 421 1495 pater,
434 1401 627 1500 blandoque
638 1403 730 1472 videt
740 1404 928 1473 Concordia
938 1404 1046 1473 vultu.

236 1518 313 1607 lpse
324 1531 438 1583 autem
451 1539 538 1607 puro
550 1515 679 1585 celsum
691 1532 793 1610 ceput
803 1540 881 1585 aere
893 1532 1010 1608 septus

189 1624 331 1718 Templa
343 1626 573 1719 superfulges,
586 1644 620 1696 et
632 1644 848 1722 prospectare
859 1627 997 1710 videris,

188 1744 240 1804 An
252 1761 341 1806 nova
351 1743 556 1834 contemptis
569 1758 711 1834 surgant
720 1740 858 1835 pellatia
869 1739 1015 1809 flammis

188 1846 385 1929 Pulchrius3
398 1873 443 1916 an
454 1853 555 1919 tacita
566 1850 681 1943 vigilet
693 1851 765 1926 foce
777 1854 918 1920 Troicus
929 1853 1031 1944 ignis,
1159 1866 1196 1920 35

189 1962 298 2051 Atque
308 1957 498 2051 exploratas
507 1956 579 2052 jam
592 1959 707 2029 laudet
717 1967 820 2030 Vesta
829 1964 1009 2029 ministres.

189 2071 312 2135 Dextro
322 2085 414 2137 vetat
424 2093 556 2163 pugnas
571 2096 579 2138 :
594 2071 715 2161 laevam
725 2076 879 2141 Tritonia
888 2074 984 2165 virgo

189 2184 263 2247 Non
276 2196 410 2273 gravat,
424 2199 457 2249 et
469 2200 569 2252 sectae
580 2184 762 2276 praetendit
772 2183 859 2254 colle
871 2182 1039 2268 Medusae,

188 2293 257 2357 Ceu
271 2290 416 2359 stimulis
427 2291 590 2362 accendet
601 2320 736 2391 equum.
752 2302 822 2364 Nec
832 2292 963 2363 dulcior
974 2318 1117 2390 usquam

144 2498 206 2554 Cod.
212 2505 261 2557 Ur.
272 2507 374 2577 recepit
384 2505 418 2557 cl.
426 2504 575 2560 Heudvid.
585 2520 642 2561 not.
688 2507 767 2561 Aldd.
780 2521 819 2574 et,
834 2521 863 2561 ut
875 2508 987 2574 videtur,
999 2509 1027 2559 in
1038 2506 1104 2561 Cod.
1117 2507 1190 2560 Leid.

143 2581 233 2635 Morkl.
250 2582 285 2636 ed
297 2604 364 2638 vers.
377 2586 420 2656 47.
680 2588 1066 2660 >Antiquemveroscripturam
1075 2582 1190 2641 ellarlrl.

177 2664 218 2715 23.
236 2664 358 2717 Adscitoe.
368 2666 501 2719 MS.Flor.
512 2680 538 2719 et
548 2664 591 2718 ed.
601 2687 642 2738 pr.
688 2669 837 2719 restitutam
854 2687 911 2720 csse
930 2669 1089 2719 confirmant
1105 2669 1189 2722 codd.

141 2741 261 2806 adsecte-
273 2745 367 2817 reliqui
380 2746 441 2799 libri
453 2767 545 2800 omnes
558 2747 644 2820 perhi·
688 2755 762 2805 Urat.
776 2756 846 2827 Lips.
857 2759 938 2811 Paris.
952 2755 1015 2808 edit.
1027 2758 1150 2829 princeps
1165 2772 1192 2810 et

142 2820 203 2874 bent
217 2824 332 2877 adsertoe.
352 2828 434 2878 lituu.
687 2832 845 2887 Parmensis.
857 2838 940 2888 urso.

177 2900 218 2953 25.
236 2903 376 2955 Disciture
390 2906 472 2958 vultu.
485 2904 552 2958 Cod.
567 2908 642 2959 Uret.
723 2905 908 2970 (idrl’allatia.
928 2906 993 2960 cod.
1011 2908 1091 2959 Paris.
1108 2906 1190 2962 habet

141 2993 166 3031 et
176 2981 256 3033 editio
270 2984 396 3055 princeps
411 2986 484 3038 discit
495 2997 520 3037 et
531 2985 641 3052 evultu,
685 2984 788 3055 palatia
794 3008 803 3046 ,·
816 3000 841 3038 et
854 2989 890 3038 ita
905 2985 937 3038 cl.
948 2985 1034 3038 lland.
1050 2989 1081 3039 A.

141 3058 365 3130 quemadmodum
384 3081 451 3134 saepe
472 3064 643 3117 conlunduu·
724 3064 766 3117 35.
789 3065 888 3116 Tacita.
906 3063 955 3116 Ed.
970 3084 1012 3136 pr.
1025 3075 1113 3128 tanta,·
1127 3066 1189 3119 reli-

141 3152 182 3191 tur
192 3140 382 3211 compendium
391 3143 497 3216 syllabae
507 3156 551 3196 tur
559 3157 585 3196 ct
595 3163 643 3195 vo·
689 3146 734 3214 qui
752 3143 810 3196 libri
827 3147 913 3197 tacita.
931 3147 1014 3198 litun.
1023 3175 1060 3187 ·—
1075 3146 1188 3200 Troicus.

139 3217 199 3270 cula
212 3232 246 3271 et.
261 3222 344 3272 lisso.
686 3226 779 3275 Venet.
789 3224 880 3277 Troius
888 3225 963 3297 ignis,
975 3238 1001 3277 et
1011 3225 1046 3276 ita
1056 3243 1136 3277 carm.
1145 3227 1190 3290 tv,

173 3317 216 3369 η.
234 3302 321 3354 Cattis.
337 3301 405 3354 cod.
419 3303 494 3357 Leid.
511 3303 551 3356 ed.
567 3305 641 3357 Rom.
691 3302 754 3372 125,
765 3323 813 3374 pro
825 3302 1032 3370 Troicosoeculc,
1043 3301 1135 3354 eadem
1144 3301 1189 3354 he-
1248 3296 1251 3303 ’
1267 3340 1269 3344 >

139 3383 263 3434 Venl'ic.
274 3382 386 3451 Aldiuae,
399 3387 466 3437 Cutis
471 3407 481 3448 ;
491 3384 557 3438 cod.
567 3374 641 3438 llrat.
687 3382 733 3435 bet
746 3383 824 3435 Troia
836 3384 931 3437 secula.

138 3474 163 3511 et
174 3461 215 3514 cd.
226 3482 266 3533 pr.
279 3465 369 3534 captis.
379 3466 481 3516 Primus
492 3467 643 3516 Bernartius
724 3464 766 3533 37.
782 3465 885 3516 Loevam
897 3463 1017 3516 Tritonia
1027 3462 1108 3534 virgo.
1120 3458 1186 3513 God.

139 3539 220 3594 edidit
231 3545 326 3606 Cattis,·
336 3542 413 3596 Lind.
424 3558 450 3596 et
459 3544 576 3597 Cruccus
589 3546 644 3597 Cot·
688 3543 761 3594 Uret.
777 3542 874 3594 lovium
889 3543 995 3594 tritonia
1009 3537 1095 3611 vulqo.
1106 3541 1188 3592 lituu.

138 3621 196 3674 llis-
215 3624 299 3674 Hono.
687 3621 796 3674 -Edit
807 3642 847 3693 pr.
861 3621 954 3674 loevam
967 3619 1030 3670 Tris.
1042 3616 1129 3690 vulqo.

174 3704 216 3755 28.
237 3703 303 3755 Cato
321 3703 416 3757 castris.
431 3706 511 3756 Forte
524 3704 560 3755 Et
578 3704 641 3755 Cato
723 3702 765 3772 39.
785 3703 925 3754 Ascendet.
941 3698 1032 3750 Malim
1046 3695 1188 3750 lectionem

128 3786 223 3855 justas.
687 3782 753 3834 Cod.
770 3782 845 3835 Lind.
862 3779 986 3832 accendit.
1004 3779 1100 3830 Bserrr.
1113 3782 1189 3834 -ln

172 3882 215 3933 ²9·
237 3864 324 3916 Tecta.
338 3863 426 3936 Vulgo
441 3863 555 3938 templa,·
571 3876 641 3915 recte
688 3881 759 3913 omn.
773 3862 877 3932 scriptis
892 3871 918 3910 et
931 3871 996 3910 antt.
1010 3857 1082 3910 libris
1095 3857 1189 3929 legitur

135 3941 232 3995 admisi
250 3945 278 3994 in
293 3956 446 3995 contextum
465 3954 546 4008 tecta,
565 3945 641 3995 etita
685 3943 810 3993 accendit.
821 3938 909 3991 Aldin.
920 3952 1014 3991 auctor
1025 3941 1141 3990 correxit
1148 3959 1189 3990 ac·

135 4023 220 4073 Parm.
232 4035 258 4073 et
268 4024 377 4075 Veneta.
386 4023 536 4095 -chitur
544 4021 641 4094 templa
685 4021 787 4074 condat.
799 4021 867 4071 llino
878 4017 949 4090 vulg.
962 4018 1042 4071 lectio
1054 4039 1060 4068 ε
1077 4028 1104 4068 et
1116 4028 1188 4070 secte

135 4103 164 4153 in
179 4100 253 4154 editt.
269 4100 344 4154 Rom.
360 4103 417 4154 Vic.
436 4103 542 4155 Venett.
563 4104 638 4154 Petit.
683 4098 822 4172 pretendit
836 4117 858 4150 c,
873 4098 929 4167 M.‚
941 4118 963 4150 c.
974 4112 1003 4152 st.
1015 4098 1137 4151 accendat
1147 4116 1186 4169 eq.

985 4303 995 4332 Ι
