2664 4816
407 460 410 464 Ι
478 327 741 445 ΡΒᾸΕἨΔΤΙᾱ
1046 404 1136 450 xxxv

75 507 247 565 mem
264 503 456 576 abstulerunt,
474 517 522 562 tut
541 504 666 562 locorum
683 502 842 561 difficilium
858 506 1047 583 explicarunt:
1061 509 1137 565 undo

75 618 183 675 unguo
199 601 316 656 merim
335 600 421 669 scire,
438 599 542 675 quibus
558 599 714 655 rationibus
729 597 783 654 sibi
798 600 866 675 ipsis
881 594 1065 676 imposden'nt
1082 604 1138 658 viri

75 697 107 751 in
122 693 185 751 aliis
195 691 364 751 Auoeoribns
374 695 607 770 perspicacissimi
616 717 624 759 t
636 693 682 749 vel
693 712 752 769 qno
763 692 848 748 modo
859 695 1067 770 interpretaturi
1077 693 1138 751 fue-

76 789 136 845 rint
147 800 191 843 ter
201 797 313 845 emtum
324 784 385 842 loen
396 804 458 862 qno
469 806 503 843 ex
515 786 559 842 his
570 786 660 864 Spiris
672 806 783 864 possum
795 804 968 863 proponere,
979 797 1005 842 et
1017 806 1138 863 quorum

77 877 121 937 illi
131 876 240 937 nullom
250 879 388 936 nomem
400 877 565 935 bbucruut

117 1072 215 1139 Quum
222 1068 408 1145 primumlroc
417 1088 488 1147 opus
497 1088 642 1145 eggressus
651 1089 741 1139 erum,
752 1069 788 1126 ad
797 1089 898 1126 munus
907 1030 1022 1126 fuorunt
1032 1069 1138 1126 Editio-

76 1162 235 1235 1³2⁸(an
253 1165 329 1219 euim
346 1168 417 1241 MSS,
437 1166 467 1219 in
484 1167 624 1221 Britannis
642 1165 728 1238 nulli)
741 1183 803 1241 quo
818 1163 901 1240 vulgo
915 1164 1052 1221 habentur
1065 1181 1139 1239 prus-

78 1256 270 1324 nutissinae‚
288 1253 352 1310 ttdi
370 1261 511 1312 Anum.
530 1259 682 1327 Grnnovii,
701 1259 839 1324 Gevurtii‚
857 1258 1005 1321 Bernartii,
1022 1258 1138 1326 cruces,

76 1351 222 1418 cnud,
235 1349 405 1418 Veeuhnsii,
419 1360 447 1405 et
459 1348 522 1406 alio
534 1351 676 1404 minorum
690 1352 832 1424 gentium:
847 1347 1013 1424 Tiliobropoe
1027 1367 1140 1425 quoque

78 1445 226 1499 Variantes
235 1443 341 1498 Veteris
353 1441 477 1511 Codicis,
488 1444 538 1518 qui
549 1445 578 1497 iu
589 1440 732 1519 plerisque
742 1460 806 1497 euru
817 1441 888 1496 udis.
902 1447 979 1498 llum.
993 1444 1138 1498 consentit

79 1538 217 1594 Gumovii
231 1535 355 1591 Distribe
373 1536 562 1613 suppeditavit
578 1538 721 1592 lectiones
739 1535 873 1592 Codicum
891 1538 1018 1592 Senensis
1035 1549 1064 1591 et
1076 1534 1139 1592 Flo-

79 1631 200 1698 centini,
219 1641 248 1684 et
259 1629 420 1685 Editiouum
432 1635 512 1684 Rom.
524 1640 552 1684 et
564 1628 671 1683 Aldiuae
682 1639 709 1682 et
722 1633 830 1682 Veneta
841 1647 968 1683 uceccxc.
983 1633 1024 1683 De
1035 1628 1138 1706 quibus

78 1720 160 1777 libris
173 1723 213 1776 ait
222 1719 315 1793 (Pruf.
328 1719 364 1775 ud
376 1719 543 1791 Distribeu).
560 1724 616 1776 ase
629 1737 737 1773 summu
748 1737 814 1774 cum
825 1716 967 1794 diligentia
978 1736 1024 1773 eos
1038 1730 1139 1773 coutu-

79 1810 164 1883 lisse‚
178 1831 244 1869 eum
258 1811 393 1887 religione
406 1824 434 1868 et
447 1811 502 1867 fide
514 1814 620 1887 optima
635 1813 727 1868 eitere.
738 1836 751 1862 ι
765 1817 845 1867 Anno
861 1814 950 1881 1653,
964 1811 1039 1867 idern
1052 1812 1139 1869 edidit

79 1909 216 1974 statium,
227 1917 255 1962 et
264 1924 322 1961 uun
334 1923 399 1960 eum
411 1903 459 1960 illo
471 1902 587 1981 Reliqua
599 1903 633 1959 ad
645 1902 757 1980 sylvas:
772 1904 831 1960 hoee
843 1903 1003 1981 praebebout
1013 1905 1138 1960 Vuriett·

79 2010 124 2054 tes
138 1996 288 2053 nonnullus
301 2000 421 2073 optimus
434 1996 556 2053 duorum
570 1995 687 2052 alioruin
700 1997 849 2067 Codicum,
863 1995 1000 2053 ilbodiani
1014 2007 1042 2051 et
1054 1995 1140 2054 Salis·

80 2091 237 2168 bnrpenris.
247 2093 361 2148 Excussi
371 2110 481 2167 quoque
491 2096 575 2146 Notas
586 2093 710 2147 omnium
720 2102 859 2167 quotquot
867 2093 989 2147 nancisei
999 2101 1140 2167 poteram,

81 2185 134 2260 qui
146 2187 175 2239 in
187 2183 264 2240 hune
274 2187 423 2241 Auctorem
433 2185 629 2260 scriptitarunt

121 2373 246 2430 undem
257 2377 378 2431 maximo
390 2375 542 2444 beneficio,
556 2386 584 2431 et
595 2376 670 2452 quod
683 2376 835 2432 multorum
847 2380 918 2433 MSS.
931 2378 1018 2430 iustnr
1029 2374 1141 2446 hebuit,

81 2487 130 2525 tue
141 2471 273 2525 mactavit
282 2468 510 2547 preclarissimus
525 2483 553 2526 et
566 2474 595 2527 iu
610 2471 653 2526 his
669 2472 767 2528 studiis
784 2488 908 2527 summus
920 2473 969 2524 Vir
980 2471 1140 2525 Franciseus

82 2567 172 2632 Here,
184 2564 337 2638 Episcopus
349 2563 532 2638 Asaphensis;
547 2565 596 2638 qui
609 2582 641 2617 ex
653 2563 820 2618 Bibliotheca
833 2559 1013 2617 illustrissimi
1026 2564 1141 2617 Comitis

82 2654 292 2713 Suuderlendiae
310 2654 452 2711 Editiones
471 2661 645 2711 Parmensem
664 2669 691 2710 et
707 2662 857 2711 Romanam
877 2657 946 2710 milri
966 2658 1139 2731 impetravit;

82 2747 167 2817 hane,
175 2750 247 2802 Anni
256 2766 408 2802 ucocccxxv
416 2771 423 2812 ;
432 2746 518 2815 illam,
528 2768 706 2802 ucccccxxrrr:
717 2760 861 2822 utramque
869 2766 902 2801 ex
910 2747 1025 2801 diversis
1033 2747 1142 2801 Codici-

82 2840 152 2906 bus,
162 2846 336 2895 Parmensem
347 2859 378 2894 ex
389 2842 502 2916 optimis
512 2859 681 2916 expressam,
693 2853 775 2915 prout
784 2853 900 2896 testatur
909 2845 942 2894 N.
954 2842 1082 2893 Heinsius
1092 2837 1141 2893 ali·

82 2931 151 2987 eubi
161 2930 198 2986 od
210 2930 408 2997 Claudianum
422 2946 449 2987 et
460 2951 504 2987 res
517 2935 576 3009 ipsa
589 2932 672 2986 fidem
685 2932 758 2986 feeit.
771 2936 882 3008 Quippe
894 2932 978 3005 hujus
991 2931 1074 2986 solius
1087 2950 1141 3007 ope

82 3023 221 3080 nonnulla
231 3024 290 3080 locs
300 3027 425 3094 restitui,
439 3045 518 3101 quae‚
532 3026 636 3101 absque
647 3027 698 3080 lrac
711 3025 798 3093 foret,
811 3022 887 3079 nulla
898 3028 1060 3098 conjectura
1073 3042 1142 3078 asse·
1164 3052 1168 3059 ·

83 3121 134 3195 qui
142 3133 245 3195 posset.
255 3120 299 3175 Sic
309 3117 403 3174 Glauc.
415 3119 492 3173 Ated.
506 3122 635 3195 193,p1·o
647 3120 791 3174 volventem
802 3124 888 3172 Parm.
901 3130 1038 3191 terpentem
1047 3141 1055 3178 ‚·
1065 3117 1141 3192 quod

81 3230 184 3267 verum
197 3224 247 3265 est.
260 3216 339 3266 Herc.
352 3217 476 3269 surrent.
494 3215 543 3278 ιθ,
557 3231 609 3287 pro
621 3215 746 3266 Ductavit
758 3211 873 3283 scopulos
886 3216 972 3265 Parin.
989 3212 1098 3266 Divisit:
1115 3221 1142 3263 et

82 3303 153 3360 ibid.
174 3305 242 3372 152,
261 3323 314 3381 pro
328 3308 445 3360 Addiseis
464 3311 551 3359 Parm.
567 3307 696 3368 Adsciseu
714 3304 789 3359 unde
808 3303 862 3359 feei
880 3307 1010 3359 Adsciscis.
1031 3308 1071 3356 Ita
1089 3320 1141 3376 pro

81 3419 154 3472 qms
164 3401 275 3454 restitui
285 3412 371 3474 pater,
383 3420 416 3455 ex
427 3402 579 3467 Parmensi,
592 3418 653 3475 quae
664 3399 746 3454 habet
755 3415 836 3475 peto:
850 3418 902 3474 pro
913 3418 998 3452 ramm
1011 3398 1140 3471 quietem,

84 3512 199 3545 mam:
213 3510 265 3567 pru
276 3495 371 3546 nitidas
381 3494 497 3564 speculas
509 3498 595 3546 Parin.
610 3495 677 3547 vides
688 3516 695 3552 ,·
708 3492 782 3546 unde
794 3492 847 3546 feci
861 3491 965 3564 vipiles:
978 3509 1029 3565 pro
1041 3490 1142 3542 labente

84 3603 169 3637 manu
180 3588 288 3640 restitui
302 3590 462 3661 trepidante:
476 3587 596 3663 projissa
609 3590 675 3640 brtxo
683 3627 691 3652 ,
699 3590 788 3659 freda:
802 3605 853 3662 pro
868 3589 937 3656 Cyda
951 3585 1024 3636 labor
1035 3603 1142 3635 nomen·

84 3680 222 3751 quesuit,
236 3679 347 3756 Epiced.
365 3686 434 3735 Patr.
454 3685 507 3752 94,
523 3680 583 3735 loeo
595 3683 755 3748 notissimo,
770 3681 923 3733 Parmensis
940 3675 1073 3729 Cidaliben
1092 3696 1141 3729 no-

85 3793 199 3846 menque
210 3777 287 3846 suin
303 3775 378 3829 unde
392 3776 460 3841 feei,
477 3780 545 3829 Cera
557 3781 637 3848 Lyre,
655 3797 802 3850 nomenque
809 3778 875 3848 fuit.
888 3771 998 3848 Epieed.
1013 3777 1089 3825 Puer.
1106 3771 1141 3825 ed

85 3864 132 3918 fin.
146 3885 200 3941 pro
211 3869 336 3921 Exeruere
344 3889 439 3940 penas,
455 3875 543 3923 Parin.
555 3871 700 3943 Excepere,·
711 3867 785 3922 unde
797 3867 849 3921 leci
862 3867 1003 3937 Excepisse.
1017 3869 1063 3919 lloe
1076 3876 1142 3918 sunt
1233 3901 1242 3928 t

84 3964 200 4036 egregiae
213 3965 415 4029 restitutiones,
428 3964 493 4018 lruic
506 3962 579 4017 libro
590 3963 702 4018 debite:
716 3965 795 4018 mitto
805 3960 906 4015 multas
917 3960 998 4027 alias,
1011 3977 1080 4034 quas
1093 3975 1142 4032 per
